<!DOCTYPE html>
<meta charset="utf-8" />
<!-- version 1 -->
<title>[Gen 9] NatDex Draft replay: Ultair vs. 25days</title>
<style>
html,body {font-family:Verdana, sans-serif;font-size:10pt;margin:0;padding:0;}body{padding:12px 0;} .battle-log {font-family:Verdana, sans-serif;font-size:10pt;} .battle-log-inline {border:1px solid #AAAAAA;background:#EEF2F5;color:black;max-width:640px;margin:0 auto 80px;padding-bottom:5px;} .battle-log .inner {padding:4px 8px 0px 8px;} .battle-log .inner-preempt {padding:0 8px 4px 8px;} .battle-log .inner-after {margin-top:0.5em;} .battle-log h2 {margin:0.5em -8px;padding:4px 8px;border:1px solid #AAAAAA;background:#E0E7EA;border-left:0;border-right:0;font-family:Verdana, sans-serif;font-size:13pt;} .battle-log .chat {vertical-align:middle;padding:3px 0 3px 0;font-size:8pt;} .battle-log .chat strong {color:#40576A;} .battle-log .chat em {padding:1px 4px 1px 3px;color:#000000;font-style:normal;} .chat.mine {background:rgba(0,0,0,0.05);margin-left:-8px;margin-right:-8px;padding-left:8px;padding-right:8px;} .spoiler {color:#BBBBBB;background:#BBBBBB;padding:0px 3px;} .spoiler:hover, .spoiler:active, .spoiler-shown {color:#000000;background:#E2E2E2;padding:0px 3px;} .spoiler a {color:#BBBBBB;} .spoiler:hover a, .spoiler:active a, .spoiler-shown a {color:#2288CC;} .chat code, .chat .spoiler:hover code, .chat .spoiler:active code, .chat .spoiler-shown code {border:1px solid #C0C0C0;background:#EEEEEE;color:black;padding:0 2px;} .chat .spoiler code {border:1px solid #CCCCCC;background:#CCCCCC;color:#CCCCCC;} .battle-log .rated {padding:3px 4px;} .battle-log .rated strong {color:white;background:#89A;padding:1px 4px;border-radius:4px;} .spacer {margin-top:0.5em;} .message-announce {background:#6688AA;color:white;padding:1px 4px 2px;} .message-announce a, .broadcast-green a, .broadcast-blue a, .broadcast-red a {color:#DDEEFF;} .broadcast-green {background-color:#559955;color:white;padding:2px 4px;} .broadcast-blue {background-color:#6688AA;color:white;padding:2px 4px;} .infobox {border:1px solid #6688AA;padding:2px 4px;} .infobox-limited {max-height:200px;overflow:auto;overflow-x:hidden;} .broadcast-red {background-color:#AA5544;color:white;padding:2px 4px;} .message-learn-canlearn {font-weight:bold;color:#228822;text-decoration:underline;} .message-learn-cannotlearn {font-weight:bold;color:#CC2222;text-decoration:underline;} .message-effect-weak {font-weight:bold;color:#CC2222;} .message-effect-resist {font-weight:bold;color:#6688AA;} .message-effect-immune {font-weight:bold;color:#666666;} .message-learn-list {margin-top:0;margin-bottom:0;} .message-throttle-notice, .message-error {color:#992222;} .message-overflow, .chat small.message-overflow {font-size:0pt;} .message-overflow::before {font-size:9pt;content:'...';} .subtle {color:#3A4A66;}
</style>
<div class="wrapper replay-wrapper" style="max-width:1180px;margin:0 auto">
<input type="hidden" name="replayid" value="gen9natdexdraft-2154224607" />
<div class="battle"></div><div class="battle-log"></div><div class="replay-controls"></div><div class="replay-controls-2"></div>
<h1 style="font-weight:normal;text-align:center"><strong>[Gen 9] NatDex Draft</strong><br /><a href="http://pokemonshowdown.com/users/ultair" class="subtle" target="_blank">Ultair</a> vs. <a href="http://pokemonshowdown.com/users/25days" class="subtle" target="_blank">25days</a></h1>
<script type="text/plain" class="battle-log-data">
|j|☆Ultair
|j|☆25days
|t:|1719976296
|gametype|singles
|player|p1|Ultair|ryuki|
|player|p2|25days|baker|
|teamsize|p1|6
|teamsize|p2|6
|gen|9
|tier|[Gen 9] NatDex Draft
|rule|Sleep Clause Mod: Limit one foe put to sleep
|rule|OHKO Clause: OHKO moves are banned
|rule|Evasion Clause: Evasion abilities, items, and moves are banned
|rule|Evasion Abilities Clause: Evasion abilities are banned
|rule|Evasion Items Clause: Evasion items are banned
|rule|Evasion Moves Clause: Evasion moves are banned
|rule|Endless Battle Clause: Forcing endless battles is banned
|rule|HP Percentage Mod: HP is shown in percentages
|clearpoke
|poke|p1|Accelgor, M|
|poke|p1|Palafin, M|
|poke|p1|Dusknoir, F|
|poke|p1|Amoonguss, M|
|poke|p1|Tyranitar, M|
|poke|p1|Excadrill, F|
|poke|p2|Slowking-Galar, M|
|poke|p2|Clefable, F|
|poke|p2|Greninja-*, M|
|poke|p2|Chandelure, M|
|poke|p2|Tatsugiri, M|
|poke|p2|Aggron, F|
|teampreview
|j| serendipidu
|j| Blader1176
|j| Phantom0rion
|j| daotxtoad
|
|t:|1719976373
|start
|switch|p1a: #1 Booker|Palafin, M|100\/100
|switch|p2a: Palafini|Tatsugiri, M|100\/100
|turn|1
|j| Crown Oji
|c| Blader1176|glhf :)
|
|t:|1719976415
|detailschange|p1a: #1 Booker|Palafin-Hero, M
|switch|p1a: #24 Plumlee|Amoonguss, M|100\/100
|move|p2a: Palafini|Nasty Plot|p2a: Palafini
|-boost|p2a: Palafini|spa|2
|
|upkeep
|turn|2
|
|t:|1719976421
|move|p2a: Palafini|Draco Meteor|p1a: #24 Plumlee
|-damage|p1a: #24 Plumlee|0 fnt
|-unboost|p2a: Palafini|spa|2
|faint|p1a: #24 Plumlee
|
|upkeep
|
|t:|1719976427
|switch|p1a: #20 Nurkic|Tyranitar, M|100\/100
|-weather|Sandstorm|[from] ability: Sand Stream|[of] p1a: #20 Nurkic
|turn|3
|l| Blader1176
|j| conundromic
|j| Blader1176
|j| Bunnnies
|
|t:|1719976520
|-terastallize|p2a: Palafini|Fairy
|move|p2a: Palafini|Nasty Plot|p2a: Palafini
|-boost|p2a: Palafini|spa|2
|move|p1a: #20 Nurkic|Power Gem|p2a: Palafini
|-damage|p2a: Palafini|72\/100
|
|-weather|Sandstorm|[upkeep]
|-damage|p2a: Palafini|66\/100|[from] Sandstorm
|upkeep
|turn|4
|c|☆25days|dt your internet out again bro????
|c|☆25days|:D
|c|☆Ultair|I went fast last turn
|c|☆25days|facts ima go get a drink no cheating
|j| tomkeap
|
|t:|1719976679
|move|p2a: Palafini|Surf|p1a: #20 Nurkic
|-supereffective|p1a: #20 Nurkic
|-damage|p1a: #20 Nurkic|20\/100
|move|p1a: #20 Nurkic|Power Gem|p2a: Palafini
|-damage|p2a: Palafini|33\/100
|
|-weather|Sandstorm|[upkeep]
|-damage|p2a: Palafini|27\/100|[from] Sandstorm
|upkeep
|turn|5
|
|t:|1719976762
|switch|p1a: #1 Booker|Palafin-Hero, M|100\/100
|-activate|p1a: #1 Booker|ability: Zero to Hero
|move|p2a: Palafini|Surf|p1a: #1 Booker
|-resisted|p1a: #1 Booker
|-damage|p1a: #1 Booker|47\/100
|
|-weather|Sandstorm|[upkeep]
|-damage|p1a: #1 Booker|41\/100|[from] Sandstorm
|-damage|p2a: Palafini|21\/100|[from] Sandstorm
|-heal|p1a: #1 Booker|47\/100|[from] item: Leftovers
|upkeep
|turn|6
|
|t:|1719976782
|move|p1a: #1 Booker|Taunt|p2a: Palafini
|-start|p2a: Palafini|move: Taunt
|move|p2a: Palafini|Draco Meteor|p1a: #1 Booker
|-damage|p1a: #1 Booker|0 fnt
|-unboost|p2a: Palafini|spa|2
|faint|p1a: #1 Booker
|
|-weather|Sandstorm|[upkeep]
|-damage|p2a: Palafini|15\/100|[from] Sandstorm
|upkeep
|
|t:|1719976783
|switch|p1a: #35 Durant|Excadrill, F|100\/100
|turn|7
|
|t:|1719976794
|move|p1a: #35 Durant|Earthquake|p2a: Palafini
|-damage|p2a: Palafini|0 fnt
|faint|p2a: Palafini
|
|-weather|Sandstorm|[upkeep]
|upkeep
|
|t:|1719976887
|switch|p2a: Grenitar|Greninja, M|100\/100
|turn|8
|
|t:|1719976989
|move|p2a: Grenitar|Water Shuriken|p1a: #35 Durant
|-supereffective|p1a: #35 Durant
|-crit|p1a: #35 Durant
|-damage|p1a: #35 Durant|66\/100
|-supereffective|p1a: #35 Durant
|-damage|p1a: #35 Durant|41\/100
|-supereffective|p1a: #35 Durant
|-damage|p1a: #35 Durant|15\/100
|-hitcount|p1a: #35 Durant|3
|-damage|p2a: Grenitar|91\/100|[from] item: Life Orb
|move|p1a: #35 Durant|Iron Head|p2a: Grenitar
|-resisted|p2a: Grenitar
|-damage|p2a: Grenitar|55\/100
|
|-weather|Sandstorm|[upkeep]
|-damage|p2a: Grenitar|48\/100|[from] Sandstorm
|upkeep
|turn|9
|
|t:|1719977013
|switch|p1a: #12 Dunn|Dusknoir, F|100\/100
|-ability|p1a: #12 Dunn|Pressure
|move|p2a: Grenitar|Water Shuriken|p1a: #12 Dunn
|-damage|p1a: #12 Dunn|93\/100
|-damage|p1a: #12 Dunn|85\/100
|-hitcount|p1a: #12 Dunn|2
|-damage|p2a: Grenitar|39\/100|[from] item: Life Orb
|
|-weather|Sandstorm|[upkeep]
|-damage|p2a: Grenitar|33\/100|[from] Sandstorm
|-damage|p1a: #12 Dunn|79\/100|[from] Sandstorm
|-heal|p1a: #12 Dunn|85\/100|[from] item: Leftovers
|upkeep
|turn|10
|j| Kaui
|j| mukmuk1
|j| ChillerFrost
|
|t:|1719977126
|switch|p2a: Cleguss|Clefable, F|100\/100
|-terastallize|p1a: #12 Dunn|Steel
|move|p1a: #12 Dunn|Night Shade|p2a: Cleguss
|-damage|p2a: Cleguss|75\/100
|
|-weather|none
|-heal|p2a: Cleguss|81\/100|[from] item: Leftovers
|-heal|p1a: #12 Dunn|92\/100|[from] item: Leftovers
|upkeep
|turn|11
|
|t:|1719977170
|move|p2a: Cleguss|Focus Blast|p1a: #12 Dunn
|-supereffective|p1a: #12 Dunn
|-damage|p1a: #12 Dunn|30\/100
|move|p1a: #12 Dunn|Taunt|p2a: Cleguss
|-start|p2a: Cleguss|move: Taunt
|
|-heal|p2a: Cleguss|87\/100|[from] item: Leftovers
|-heal|p1a: #12 Dunn|36\/100|[from] item: Leftovers
|upkeep
|turn|12
|
|t:|1719977245
|move|p2a: Cleguss|Focus Blast|p1a: #12 Dunn
|-supereffective|p1a: #12 Dunn
|-damage|p1a: #12 Dunn|0 fnt
|faint|p1a: #12 Dunn
|
|-heal|p2a: Cleguss|93\/100|[from] item: Leftovers
|upkeep
|
|t:|1719977261
|switch|p1a: #35 Durant|Excadrill, F|15\/100
|turn|13
|
|t:|1719977305
|move|p1a: #35 Durant|Iron Head|p2a: Cleguss
|-supereffective|p2a: Cleguss
|-damage|p2a: Cleguss|0 fnt
|faint|p2a: Cleguss
|
|upkeep
|
|t:|1719977389
|switch|p2a: Grenitar|Greninja, M|33\/100
|turn|14
|
|t:|1719977393
|switch|p1a: #20 Nurkic|Tyranitar, M|20\/100
|-weather|Sandstorm|[from] ability: Sand Stream|[of] p1a: #20 Nurkic
|move|p2a: Grenitar|Water Shuriken|p1a: #20 Nurkic
|-supereffective|p1a: #20 Nurkic
|-damage|p1a: #20 Nurkic|13\/100
|-supereffective|p1a: #20 Nurkic
|-damage|p1a: #20 Nurkic|5\/100
|-hitcount|p1a: #20 Nurkic|2
|-damage|p2a: Grenitar|23\/100|[from] item: Life Orb
|
|-weather|Sandstorm|[upkeep]
|-damage|p2a: Grenitar|17\/100|[from] Sandstorm
|upkeep
|turn|15
|
|t:|1719977405
|move|p2a: Grenitar|Water Shuriken|p1a: #20 Nurkic
|-supereffective|p1a: #20 Nurkic
|-damage|p1a: #20 Nurkic|0 fnt
|faint|p1a: #20 Nurkic
|-ability|p2a: Grenitar|Battle Bond|boost
|-boost|p2a: Grenitar|atk|1
|-boost|p2a: Grenitar|spa|1
|-boost|p2a: Grenitar|spe|1
|-activate|p2a: Grenitar|ability: Battle Bond
|-hitcount|p1: #20 Nurkic|1
|-damage|p2a: Grenitar|7\/100|[from] item: Life Orb
|
|-weather|Sandstorm|[upkeep]
|-damage|p2a: Grenitar|1\/100|[from] Sandstorm
|upkeep
|
|t:|1719977410
|switch|p1a: #00 O'Neale|Accelgor, M, shiny|100\/100
|turn|16
|
|t:|1719977517
|move|p2a: Grenitar|Water Shuriken|p1a: #00 O'Neale
|-damage|p1a: #00 O'Neale|79\/100
|-damage|p1a: #00 O'Neale|56\/100
|-damage|p1a: #00 O'Neale|35\/100
|-damage|p1a: #00 O'Neale|14\/100
|-damage|p1a: #00 O'Neale|0 fnt
|faint|p1a: #00 O'Neale
|-hitcount|p1: #00 O'Neale|5
|-damage|p2a: Grenitar|0 fnt|[from] item: Life Orb
|faint|p2a: Grenitar
|
|-weather|Sandstorm|[upkeep]
|upkeep
|
|t:|1719977531
|switch|p1a: #35 Durant|Excadrill, F|15\/100
|switch|p2a: Zapron|Aggron, F|100\/100
|turn|17
|c|☆Ultair|gg
|c|☆25days|gg
|
|t:|1719977545
|detailschange|p2a: Zapron|Aggron-Mega, F
|-mega|p2a: Zapron|Aggron|Aggronite
|move|p1a: #35 Durant|Earthquake|p2a: Zapron
|-supereffective|p2a: Zapron
|-damage|p2a: Zapron|57\/100
|move|p2a: Zapron|Iron Defense|p2a: Zapron
|-boost|p2a: Zapron|def|2
|
|-weather|Sandstorm|[upkeep]
|upkeep
|turn|18
|c|☆25days|for you
|c|☆Ultair|give me diff pls
|c|☆25days|is greg here
|c| ChillerFrost|yes
|c|☆Ultair|no
|c| ChillerFrost|dont do that
|c|☆Ultair|shhh
|c| ChillerFrost|matchfixing wont be tolerated :)
|c| ChillerFrost|thanks
|c|☆Ultair|crit kills tho
|c|☆Ultair|its the play
|
|t:|1719977633
|move|p1a: #35 Durant|Earthquake|p2a: Zapron
|-supereffective|p2a: Zapron
|-damage|p2a: Zapron|36\/100
|move|p2a: Zapron|Body Press|p1a: #35 Durant
|-supereffective|p1a: #35 Durant
|-damage|p1a: #35 Durant|0 fnt
|faint|p1a: #35 Durant
|
|win|25days
|c| ChillerFrost|just click the moves
|c| ChillerFrost|ok
|c| Blader1176|gg
|l| Crown Oji
|l| tomkeap
|c|☆25days|gg
|c|☆Ultair|did not even see that little fish on your team
|c|☆Ultair|gave me a whirl
|c| Blader1176|nasty thot
|c| ChillerFrost|ggs i would like to apologize to Tatsugiri
|c|☆25days|i want written apologies
|c| ChillerFrost|you got one mid game
|c| ChillerFrost|in rpl general
|j| DoctaShock
|c|☆25days|oh shit
|c|☆Ultair|in fairness I was at the beach all weekend ;-;
|c|☆Ultair|ggs tho
|l| daotxtoad

</script>
</div>
<div class="battle-log battle-log-inline"><div class="inner"><div class="battle-options"></div><div class="inner message-log"><div class="chat"><small>☆Ultair and ☆25days joined</small></div><div class=""><small>Format:</small> <br><strong>[Gen 9] NatDex Draft</strong></div><div class=""><small><em>Sleep Clause Mod:</em> Limit one foe put to sleep</small></div><div class=""><small><em>OHKO Clause:</em> OHKO moves are banned</small></div><div class=""><small><em>Evasion Clause:</em> Evasion abilities, items, and moves are banned</small></div><div class=""><small><em>Evasion Abilities Clause:</em> Evasion abilities are banned</small></div><div class=""><small><em>Evasion Items Clause:</em> Evasion items are banned</small></div><div class=""><small><em>Evasion Moves Clause:</em> Evasion moves are banned</small></div><div class=""><small><em>Endless Battle Clause:</em> Forcing endless battles is banned</small></div><div class=""><small><em>HP Percentage Mod:</em> HP is shown in percentages</small></div><div class="chat battle-history"><strong>Ultair's team:</strong> <em style="color:#445566;display:block;">Accelgor / Palafin / Dusknoir / Amoonguss / Tyranitar / Excadrill</em></div><div class="chat battle-history"><strong>25days's team:</strong> <em style="color:#445566;display:block;">Slowking-Galar / Clefable / Greninja-* / Chandelure / Tatsugiri / Aggron</em></div><div class="chat"><small> serendipidu,  Blader1176,  Phantom0rion, and  daotxtoad joined</small></div><div class="spacer battle-history"><br></div><div class="battle-history">Battle started between Ultair and 25days!<br></div><div class="spacer battle-history"><br></div><div class="battle-history">Go! #1 Booker (<strong>Palafin</strong>)!<br></div><div class="spacer battle-history"><br></div><div class="battle-history">25days sent out Palafini (<strong>Tatsugiri</strong>)!<br></div><div class="spacer battle-history"><br></div><h2 class="battle-history">Turn 1</h2><div class="chat"><small> Crown Oji joined</small></div><div class="chat chatmessage-blader1176"><strong style="color:#797ad1"><small> </small><span class="username" data-name="Blader1176">Blader1176</span>:</strong> <em>glhf :)</em></div><div class="spacer battle-history"><br></div><div class="battle-history">#1 Booker, come back!<br></div><div class="battle-history">Go! #24 Plumlee (<strong>Amoonguss</strong>)!<br></div><div class="spacer battle-history"><br></div><div class="battle-history">The opposing Palafini used <strong>Nasty Plot</strong>!<br></div><div class="battle-history"><small>The opposing Palafini's Sp. Atk rose sharply!</small><br></div><div class="spacer battle-history"><br></div><h2 class="battle-history">Turn 2</h2><div class="spacer battle-history"><br></div><div class="battle-history">The opposing Palafini used <strong>Draco Meteor</strong>!<br></div><div class="battle-history"><small>(#24 Plumlee lost 100% of its health!)</small><br></div><div class="battle-history"><small>The opposing Palafini's Sp. Atk fell harshly!</small><br></div><div class="spacer battle-history"><br></div><div class="battle-history">#24 Plumlee fainted!<br></div><div class="spacer battle-history"><br></div><div class="battle-history">Go! #20 Nurkic (<strong>Tyranitar</strong>)!<br></div><div class="battle-history">[#20 Nurkic's Sand Stream]<br><small>A sandstorm kicked up!</small><br></div><div class="spacer battle-history"><br></div><h2 class="battle-history">Turn 3</h2><div class="chat"><small> conundromic and  Bunnnies joined</small></div><div class="spacer battle-history"><br></div><div class="battle-history"><small>The opposing Palafini has Terastallized into the Fairy-type!</small><br></div><div class="spacer battle-history"><br></div><div class="battle-history">The opposing Palafini used <strong>Nasty Plot</strong>!<br></div><div class="battle-history"><small>The opposing Palafini's Sp. Atk rose sharply!</small><br></div><div class="spacer battle-history"><br></div><div class="battle-history">#20 Nurkic used <strong>Power Gem</strong>!<br></div><div class="battle-history"><small>(The opposing Palafini lost 28% of its health!)</small><br></div><div class="spacer battle-history"><br></div><div class="battle-history"><small>(The sandstorm is raging.)</small><br></div><div class="battle-history"><small>The opposing Palafini is buffeted by the sandstorm!</small><br></div><div class="spacer battle-history"><br></div><h2 class="battle-history">Turn 4</h2><div class="chat chatmessage-25days"><strong style="color:#bc4b7c"><small>☆</small><span class="username" data-name="25days">25days</span>:</strong> <em>dt your internet out again bro????</em></div><div class="chat chatmessage-25days"><strong style="color:#bc4b7c"><small>☆</small><span class="username" data-name="25days">25days</span>:</strong> <em>:D</em></div><div class="chat chatmessage-ultair"><strong style="color:#3a9240"><small>☆</small><span class="username" data-name="Ultair">Ultair</span>:</strong> <em>I went fast last turn</em></div><div class="chat chatmessage-25days"><strong style="color:#bc4b7c"><small>☆</small><span class="username" data-name="25days">25days</span>:</strong> <em>facts ima go get a drink no cheating</em></div><div class="chat"><small> tomkeap joined</small></div><div class="spacer battle-history"><br></div><div class="battle-history">The opposing Palafini used <strong>Surf</strong>!<br></div><div class="battle-history"><small>It's super effective!</small><br></div><div class="battle-history"><small>(#20 Nurkic lost 80% of its health!)</small><br></div><div class="spacer battle-history"><br></div><div class="battle-history">#20 Nurkic used <strong>Power Gem</strong>!<br></div><div class="battle-history"><small>(The opposing Palafini lost 33% of its health!)</small><br></div><div class="spacer battle-history"><br></div><div class="battle-history"><small>(The sandstorm is raging.)</small><br></div><div class="battle-history"><small>The opposing Palafini is buffeted by the sandstorm!</small><br></div><div class="spacer battle-history"><br></div><h2 class="battle-history">Turn 5</h2><div class="spacer battle-history"><br></div><div class="battle-history">#20 Nurkic, come back!<br></div><div class="battle-history">Go! #1 Booker (<strong>Palafin-Hero</strong>)!<br></div><div class="battle-history">[#1 Booker's Zero to Hero]<br><small>#1 Booker underwent a heroic transformation!</small><br></div><div class="spacer battle-history"><br></div><div class="battle-history">The opposing Palafini used <strong>Surf</strong>!<br></div><div class="battle-history"><small>It's not very effective...</small><br></div><div class="battle-history"><small>(#1 Booker lost 53% of its health!)</small><br></div><div class="spacer battle-history"><br></div><div class="battle-history"><small>(The sandstorm is raging.)</small><br></div><div class="battle-history"><small>#1 Booker is buffeted by the sandstorm!</small><br></div><div class="battle-history"><small>The opposing Palafini is buffeted by the sandstorm!</small><br></div><div class="battle-history"><small>#1 Booker restored a little HP using its Leftovers!</small><br></div><div class="spacer battle-history"><br></div><h2 class="battle-history">Turn 6</h2><div class="spacer battle-history"><br></div><div class="battle-history">#1 Booker used <strong>Taunt</strong>!<br></div><div class="battle-history"><small>The opposing Palafini fell for the taunt!</small><br></div><div class="spacer battle-history"><br></div><div class="battle-history">The opposing Palafini used <strong>Draco Meteor</strong>!<br></div><div class="battle-history"><small>(#1 Booker lost 47% of its health!)</small><br></div><div class="battle-history"><small>The opposing Palafini's Sp. Atk fell harshly!</small><br></div><div class="spacer battle-history"><br></div><div class="battle-history">#1 Booker fainted!<br></div><div class="spacer battle-history"><br></div><div class="battle-history"><small>(The sandstorm is raging.)</small><br></div><div class="battle-history"><small>The opposing Palafini is buffeted by the sandstorm!</small><br></div><div class="spacer battle-history"><br></div><div class="battle-history">Go! #35 Durant (<strong>Excadrill</strong>)!<br></div><div class="spacer battle-history"><br></div><h2 class="battle-history">Turn 7</h2><div class="spacer battle-history"><br></div><div class="battle-history">#35 Durant used <strong>Earthquake</strong>!<br></div><div class="battle-history"><small>(The opposing Palafini lost 15% of its health!)</small><br></div><div class="spacer battle-history"><br></div><div class="battle-history">The opposing Palafini fainted!<br></div><div class="spacer battle-history"><br></div><div class="battle-history"><small>(The sandstorm is raging.)</small><br></div><div class="spacer battle-history"><br></div><div class="battle-history">25days sent out Grenitar (<strong>Greninja</strong>)!<br></div><div class="spacer battle-history"><br></div><h2 class="battle-history">Turn 8</h2><div class="spacer battle-history"><br></div><div class="battle-history">The opposing Grenitar used <strong>Water Shuriken</strong>!<br></div><div class="battle-history"><small>It's super effective!</small><br></div><div class="battle-history"><small>A critical hit!</small><br></div><div class="battle-history"><small>(#35 Durant lost 34% of its health!)</small><br></div><div class="battle-history"><small>It's super effective!</small><br></div><div class="battle-history"><small>(#35 Durant lost 25% of its health!)</small><br></div><div class="battle-history"><small>It's super effective!</small><br></div><div class="battle-history"><small>(#35 Durant lost 26% of its health!)</small><br></div><div class="battle-history"><small>The Pokémon was hit 3 times!</small><br></div><div class="battle-history"><small>The opposing Grenitar lost some of its HP!</small><br></div><div class="spacer battle-history"><br></div><div class="battle-history">#35 Durant used <strong>Iron Head</strong>!<br></div><div class="battle-history"><small>It's not very effective...</small><br></div><div class="battle-history"><small>(The opposing Grenitar lost 36% of its health!)</small><br></div><div class="spacer battle-history"><br></div><div class="battle-history"><small>(The sandstorm is raging.)</small><br></div><div class="battle-history"><small>The opposing Grenitar is buffeted by the sandstorm!</small><br></div><div class="spacer battle-history"><br></div><h2 class="battle-history">Turn 9</h2><div class="spacer battle-history"><br></div><div class="battle-history">#35 Durant, come back!<br></div><div class="battle-history">Go! #12 Dunn (<strong>Dusknoir</strong>)!<br></div><div class="battle-history">[#12 Dunn's Pressure]<br><small>#12 Dunn is exerting its pressure!</small><br></div><div class="spacer battle-history"><br></div><div class="battle-history">The opposing Grenitar used <strong>Water Shuriken</strong>!<br></div><div class="battle-history"><small>(#12 Dunn lost 7% of its health!)</small><br></div><div class="battle-history"><small>(#12 Dunn lost 8% of its health!)</small><br></div><div class="battle-history"><small>The Pokémon was hit 2 times!</small><br></div><div class="battle-history"><small>The opposing Grenitar lost some of its HP!</small><br></div><div class="spacer battle-history"><br></div><div class="battle-history"><small>(The sandstorm is raging.)</small><br></div><div class="battle-history"><small>The opposing Grenitar is buffeted by the sandstorm!</small><br></div><div class="battle-history"><small>#12 Dunn is buffeted by the sandstorm!</small><br></div><div class="battle-history"><small>#12 Dunn restored a little HP using its Leftovers!</small><br></div><div class="spacer battle-history"><br></div><h2 class="battle-history">Turn 10</h2><div class="chat"><small> Kaui,  mukmuk1, and  ChillerFrost joined</small></div><div class="spacer battle-history"><br></div><div class="battle-history">25days withdrew Grenitar!<br></div><div class="battle-history">25days sent out Cleguss (<strong>Clefable</strong>)!<br></div><div class="spacer battle-history"><br></div><div class="battle-history"><small>#12 Dunn has Terastallized into the Steel-type!</small><br></div><div class="spacer battle-history"><br></div><div class="battle-history">#12 Dunn used <strong>Night Shade</strong>!<br></div><div class="battle-history"><small>(The opposing Cleguss lost 25% of its health!)</small><br></div><div class="spacer battle-history"><br></div><div class="battle-history"><small>The sandstorm subsided.</small><br></div><div class="battle-history"><small>The opposing Cleguss restored a little HP using its Leftovers!</small><br></div><div class="battle-history"><small>#12 Dunn restored a little HP using its Leftovers!</small><br></div><div class="spacer battle-history"><br></div><h2 class="battle-history">Turn 11</h2><div class="spacer battle-history"><br></div><div class="battle-history">The opposing Cleguss used <strong>Focus Blast</strong>!<br></div><div class="battle-history"><small>It's super effective!</small><br></div><div class="battle-history"><small>(#12 Dunn lost 62% of its health!)</small><br></div><div class="spacer battle-history"><br></div><div class="battle-history">#12 Dunn used <strong>Taunt</strong>!<br></div><div class="battle-history"><small>The opposing Cleguss fell for the taunt!</small><br></div><div class="spacer battle-history"><br></div><div class="battle-history"><small>The opposing Cleguss restored a little HP using its Leftovers!</small><br></div><div class="battle-history"><small>#12 Dunn restored a little HP using its Leftovers!</small><br></div><div class="spacer battle-history"><br></div><h2 class="battle-history">Turn 12</h2><div class="spacer battle-history"><br></div><div class="battle-history">The opposing Cleguss used <strong>Focus Blast</strong>!<br></div><div class="battle-history"><small>It's super effective!</small><br></div><div class="battle-history"><small>(#12 Dunn lost 36% of its health!)</small><br></div><div class="spacer battle-history"><br></div><div class="battle-history">#12 Dunn fainted!<br></div><div class="spacer battle-history"><br></div><div class="battle-history"><small>The opposing Cleguss restored a little HP using its Leftovers!</small><br></div><div class="spacer battle-history"><br></div><div class="battle-history">Go! #35 Durant (<strong>Excadrill</strong>)!<br></div><div class="spacer battle-history"><br></div><h2 class="battle-history">Turn 13</h2><div class="spacer battle-history"><br></div><div class="battle-history">#35 Durant used <strong>Iron Head</strong>!<br></div><div class="battle-history"><small>It's super effective!</small><br></div><div class="battle-history"><small>(The opposing Cleguss lost 93% of its health!)</small><br></div><div class="spacer battle-history"><br></div><div class="battle-history">The opposing Cleguss fainted!<br></div><div class="spacer battle-history"><br></div><div class="battle-history">25days sent out Grenitar (<strong>Greninja</strong>)!<br></div><div class="spacer battle-history"><br></div><h2 class="battle-history">Turn 14</h2><div class="spacer battle-history"><br></div><div class="battle-history">#35 Durant, come back!<br></div><div class="battle-history">Go! #20 Nurkic (<strong>Tyranitar</strong>)!<br></div><div class="battle-history">[#20 Nurkic's Sand Stream]<br><small>A sandstorm kicked up!</small><br></div><div class="spacer battle-history"><br></div><div class="battle-history">The opposing Grenitar used <strong>Water Shuriken</strong>!<br></div><div class="battle-history"><small>It's super effective!</small><br></div><div class="battle-history"><small>(#20 Nurkic lost 7% of its health!)</small><br></div><div class="battle-history"><small>It's super effective!</small><br></div><div class="battle-history"><small>(#20 Nurkic lost 8% of its health!)</small><br></div><div class="battle-history"><small>The Pokémon was hit 2 times!</small><br></div><div class="battle-history"><small>The opposing Grenitar lost some of its HP!</small><br></div><div class="spacer battle-history"><br></div><div class="battle-history"><small>(The sandstorm is raging.)</small><br></div><div class="battle-history"><small>The opposing Grenitar is buffeted by the sandstorm!</small><br></div><div class="spacer battle-history"><br></div><h2 class="battle-history">Turn 15</h2><div class="spacer battle-history"><br></div><div class="battle-history">The opposing Grenitar used <strong>Water Shuriken</strong>!<br></div><div class="battle-history"><small>It's super effective!</small><br></div><div class="battle-history"><small>(#20 Nurkic lost 5% of its health!)</small><br></div><div class="spacer battle-history"><br></div><div class="battle-history">#20 Nurkic fainted!<br></div><div class="battle-history">[The opposing Grenitar's Battle Bond]<br></div><div class="battle-history"><small>The opposing Grenitar's Attack rose!</small><br></div><div class="battle-history"><small>The opposing Grenitar's Sp. Atk rose!</small><br></div><div class="battle-history"><small>The opposing Grenitar's Speed rose!</small><br></div><div class="battle-history">[The opposing Grenitar's Battle Bond]<br><small>The opposing Grenitar became fully charged due to its bond with its Trainer!</small><br></div><div class="battle-history"><small>The Pokémon was hit 1 time!</small><br></div><div class="battle-history"><small>The opposing Grenitar lost some of its HP!</small><br></div><div class="spacer battle-history"><br></div><div class="battle-history"><small>(The sandstorm is raging.)</small><br></div><div class="battle-history"><small>The opposing Grenitar is buffeted by the sandstorm!</small><br></div><div class="spacer battle-history"><br></div><div class="battle-history">Go! #00 O'Neale (<strong>Accelgor</strong>)!<br></div><div class="spacer battle-history"><br></div><h2 class="battle-history">Turn 16</h2><div class="spacer battle-history"><br></div><div class="battle-history">The opposing Grenitar used <strong>Water Shuriken</strong>!<br></div><div class="battle-history"><small>(#00 O'Neale lost 21% of its health!)</small><br></div><div class="battle-history"><small>(#00 O'Neale lost 23% of its health!)</small><br></div><div class="battle-history"><small>(#00 O'Neale lost 21% of its health!)</small><br></div><div class="battle-history"><small>(#00 O'Neale lost 21% of its health!)</small><br></div><div class="battle-history"><small>(#00 O'Neale lost 14% of its health!)</small><br></div><div class="spacer battle-history"><br></div><div class="battle-history">#00 O'Neale fainted!<br></div><div class="battle-history"><small>The Pokémon was hit 5 times!</small><br></div><div class="battle-history"><small>The opposing Grenitar lost some of its HP!</small><br></div><div class="spacer battle-history"><br></div><div class="battle-history">The opposing Grenitar fainted!<br></div><div class="spacer battle-history"><br></div><div class="battle-history"><small>(The sandstorm is raging.)</small><br></div><div class="spacer battle-history"><br></div><div class="battle-history">Go! #35 Durant (<strong>Excadrill</strong>)!<br></div><div class="spacer battle-history"><br></div><div class="battle-history">25days sent out Zapron (<strong>Aggron</strong>)!<br></div><div class="spacer battle-history"><br></div><h2 class="battle-history">Turn 17</h2><div class="chat chatmessage-ultair"><strong style="color:#3a9240"><small>☆</small><span class="username" data-name="Ultair">Ultair</span>:</strong> <em>gg</em></div><div class="chat chatmessage-25days"><strong style="color:#bc4b7c"><small>☆</small><span class="username" data-name="25days">25days</span>:</strong> <em>gg</em></div><div class="spacer battle-history"><br></div><div class="battle-history"><small>The opposing Zapron's Aggronite is reacting to the Key Stone!</small><br>The opposing Zapron has Mega Evolved into Mega Aggron!<br></div><div class="spacer battle-history"><br></div><div class="battle-history">#35 Durant used <strong>Earthquake</strong>!<br></div><div class="battle-history"><small>It's super effective!</small><br></div><div class="battle-history"><small>(The opposing Zapron lost 43% of its health!)</small><br></div><div class="spacer battle-history"><br></div><div class="battle-history">The opposing Zapron used <strong>Iron Defense</strong>!<br></div><div class="battle-history"><small>The opposing Zapron's Defense rose sharply!</small><br></div><div class="spacer battle-history"><br></div><div class="battle-history"><small>(The sandstorm is raging.)</small><br></div><div class="spacer battle-history"><br></div><h2 class="battle-history">Turn 18</h2><div class="chat chatmessage-25days"><strong style="color:#bc4b7c"><small>☆</small><span class="username" data-name="25days">25days</span>:</strong> <em>for you</em></div><div class="chat chatmessage-ultair"><strong style="color:#3a9240"><small>☆</small><span class="username" data-name="Ultair">Ultair</span>:</strong> <em>give me diff pls</em></div><div class="chat chatmessage-25days"><strong style="color:#bc4b7c"><small>☆</small><span class="username" data-name="25days">25days</span>:</strong> <em>is greg here</em></div><div class="chat chatmessage-chillerfrost"><strong style="color:#2aaa9b"><small> </small><span class="username" data-name="ChillerFrost">ChillerFrost</span>:</strong> <em>yes</em></div><div class="chat chatmessage-ultair"><strong style="color:#3a9240"><small>☆</small><span class="username" data-name="Ultair">Ultair</span>:</strong> <em>no</em></div><div class="chat chatmessage-chillerfrost"><strong style="color:#2aaa9b"><small> </small><span class="username" data-name="ChillerFrost">ChillerFrost</span>:</strong> <em>dont do that</em></div><div class="chat chatmessage-ultair"><strong style="color:#3a9240"><small>☆</small><span class="username" data-name="Ultair">Ultair</span>:</strong> <em>shhh</em></div><div class="chat chatmessage-chillerfrost"><strong style="color:#2aaa9b"><small> </small><span class="username" data-name="ChillerFrost">ChillerFrost</span>:</strong> <em>matchfixing wont be tolerated :)</em></div><div class="chat chatmessage-chillerfrost"><strong style="color:#2aaa9b"><small> </small><span class="username" data-name="ChillerFrost">ChillerFrost</span>:</strong> <em>thanks</em></div><div class="chat chatmessage-ultair"><strong style="color:#3a9240"><small>☆</small><span class="username" data-name="Ultair">Ultair</span>:</strong> <em>crit kills tho</em></div><div class="chat chatmessage-ultair"><strong style="color:#3a9240"><small>☆</small><span class="username" data-name="Ultair">Ultair</span>:</strong> <em>its the play</em></div><div class="spacer battle-history"><br></div><div class="battle-history">#35 Durant used <strong>Earthquake</strong>!<br></div><div class="battle-history"><small>It's super effective!</small><br></div><div class="battle-history"><small>(The opposing Zapron lost 21% of its health!)</small><br></div><div class="spacer battle-history"><br></div><div class="battle-history">The opposing Zapron used <strong>Body Press</strong>!<br></div><div class="battle-history"><small>It's super effective!</small><br></div><div class="battle-history"><small>(#35 Durant lost 15% of its health!)</small><br></div><div class="spacer battle-history"><br></div><div class="battle-history">#35 Durant fainted!<br></div><div class="spacer battle-history"><br></div><div class="battle-history"><strong>25days</strong> won the battle!<br></div><div class="chat chatmessage-chillerfrost"><strong style="color:#2aaa9b"><small> </small><span class="username" data-name="ChillerFrost">ChillerFrost</span>:</strong> <em>just click the moves</em></div><div class="chat chatmessage-chillerfrost"><strong style="color:#2aaa9b"><small> </small><span class="username" data-name="ChillerFrost">ChillerFrost</span>:</strong> <em>ok</em></div><div class="chat chatmessage-blader1176"><strong style="color:#797ad1"><small> </small><span class="username" data-name="Blader1176">Blader1176</span>:</strong> <em>gg</em></div><div class="chat"><small> Crown Oji and  tomkeap left</small></div><div class="chat chatmessage-25days"><strong style="color:#bc4b7c"><small>☆</small><span class="username" data-name="25days">25days</span>:</strong> <em>gg</em></div><div class="chat chatmessage-ultair"><strong style="color:#3a9240"><small>☆</small><span class="username" data-name="Ultair">Ultair</span>:</strong> <em>did not even see that little fish on your team</em></div><div class="chat chatmessage-ultair"><strong style="color:#3a9240"><small>☆</small><span class="username" data-name="Ultair">Ultair</span>:</strong> <em>gave me a whirl</em></div><div class="chat chatmessage-blader1176"><strong style="color:#797ad1"><small> </small><span class="username" data-name="Blader1176">Blader1176</span>:</strong> <em>nasty thot</em></div><div class="chat chatmessage-chillerfrost"><strong style="color:#2aaa9b"><small> </small><span class="username" data-name="ChillerFrost">ChillerFrost</span>:</strong> <em>ggs i would like to apologize to Tatsugiri</em></div><div class="chat chatmessage-25days"><strong style="color:#bc4b7c"><small>☆</small><span class="username" data-name="25days">25days</span>:</strong> <em>i want written apologies</em></div><div class="chat chatmessage-chillerfrost"><strong style="color:#2aaa9b"><small> </small><span class="username" data-name="ChillerFrost">ChillerFrost</span>:</strong> <em>you got one mid game</em></div><div class="chat chatmessage-chillerfrost"><strong style="color:#2aaa9b"><small> </small><span class="username" data-name="ChillerFrost">ChillerFrost</span>:</strong> <em>in rpl general</em></div><div class="chat"><small> DoctaShock joined</small></div><div class="chat chatmessage-25days"><strong style="color:#bc4b7c"><small>☆</small><span class="username" data-name="25days">25days</span>:</strong> <em>oh shit</em></div><div class="chat chatmessage-ultair"><strong style="color:#3a9240"><small>☆</small><span class="username" data-name="Ultair">Ultair</span>:</strong> <em>in fairness I was at the beach all weekend ;-;</em></div><div class="chat chatmessage-ultair"><strong style="color:#3a9240"><small>☆</small><span class="username" data-name="Ultair">Ultair</span>:</strong> <em>ggs tho</em></div><div class="chat"><small> daotxtoad left</small></div></div><div class="inner-preempt message-log"></div></div></div>
</div>
<script>
let daily = Math.floor(Date.now()/1000/60/60/24);document.write('<script src="https://play.pokemonshowdown.com/js/replay-embed.js?version'+daily+'"></'+'script>');
</script>
