<!DOCTYPE html>
<meta charset="utf-8" />
<!-- version 1 -->
<title>[Gen 9] NatDex Draft replay: Crown Oji vs. foodss</title>
<style>
html,body {font-family:Verdana, sans-serif;font-size:10pt;margin:0;padding:0;}body{padding:12px 0;} .battle-log {font-family:Verdana, sans-serif;font-size:10pt;} .battle-log-inline {border:1px solid #AAAAAA;background:#EEF2F5;color:black;max-width:640px;margin:0 auto 80px;padding-bottom:5px;} .battle-log .inner {padding:4px 8px 0px 8px;} .battle-log .inner-preempt {padding:0 8px 4px 8px;} .battle-log .inner-after {margin-top:0.5em;} .battle-log h2 {margin:0.5em -8px;padding:4px 8px;border:1px solid #AAAAAA;background:#E0E7EA;border-left:0;border-right:0;font-family:Verdana, sans-serif;font-size:13pt;} .battle-log .chat {vertical-align:middle;padding:3px 0 3px 0;font-size:8pt;} .battle-log .chat strong {color:#40576A;} .battle-log .chat em {padding:1px 4px 1px 3px;color:#000000;font-style:normal;} .chat.mine {background:rgba(0,0,0,0.05);margin-left:-8px;margin-right:-8px;padding-left:8px;padding-right:8px;} .spoiler {color:#BBBBBB;background:#BBBBBB;padding:0px 3px;} .spoiler:hover, .spoiler:active, .spoiler-shown {color:#000000;background:#E2E2E2;padding:0px 3px;} .spoiler a {color:#BBBBBB;} .spoiler:hover a, .spoiler:active a, .spoiler-shown a {color:#2288CC;} .chat code, .chat .spoiler:hover code, .chat .spoiler:active code, .chat .spoiler-shown code {border:1px solid #C0C0C0;background:#EEEEEE;color:black;padding:0 2px;} .chat .spoiler code {border:1px solid #CCCCCC;background:#CCCCCC;color:#CCCCCC;} .battle-log .rated {padding:3px 4px;} .battle-log .rated strong {color:white;background:#89A;padding:1px 4px;border-radius:4px;} .spacer {margin-top:0.5em;} .message-announce {background:#6688AA;color:white;padding:1px 4px 2px;} .message-announce a, .broadcast-green a, .broadcast-blue a, .broadcast-red a {color:#DDEEFF;} .broadcast-green {background-color:#559955;color:white;padding:2px 4px;} .broadcast-blue {background-color:#6688AA;color:white;padding:2px 4px;} .infobox {border:1px solid #6688AA;padding:2px 4px;} .infobox-limited {max-height:200px;overflow:auto;overflow-x:hidden;} .broadcast-red {background-color:#AA5544;color:white;padding:2px 4px;} .message-learn-canlearn {font-weight:bold;color:#228822;text-decoration:underline;} .message-learn-cannotlearn {font-weight:bold;color:#CC2222;text-decoration:underline;} .message-effect-weak {font-weight:bold;color:#CC2222;} .message-effect-resist {font-weight:bold;color:#6688AA;} .message-effect-immune {font-weight:bold;color:#666666;} .message-learn-list {margin-top:0;margin-bottom:0;} .message-throttle-notice, .message-error {color:#992222;} .message-overflow, .chat small.message-overflow {font-size:0pt;} .message-overflow::before {font-size:9pt;content:'...';} .subtle {color:#3A4A66;}
</style>
<div class="wrapper replay-wrapper" style="max-width:1180px;margin:0 auto">
<input type="hidden" name="replayid" value="gen9natdexdraft-2153605859" />
<div class="battle"></div><div class="battle-log"></div><div class="replay-controls"></div><div class="replay-controls-2"></div>
<h1 style="font-weight:normal;text-align:center"><strong>[Gen 9] NatDex Draft</strong><br /><a href="http://pokemonshowdown.com/users/crownoji" class="subtle" target="_blank">Crown Oji</a> vs. <a href="http://pokemonshowdown.com/users/foodss" class="subtle" target="_blank">foodss</a></h1>
<script type="text/plain" class="battle-log-data">
|j|☆Crown Oji
|j|☆foodss
|t:|1719888271
|gametype|singles
|player|p1|Crown Oji|toddsnap2|
|player|p2|foodss|wikstrom|
|teamsize|p1|6
|teamsize|p2|6
|gen|9
|tier|[Gen 9] NatDex Draft
|rule|Sleep Clause Mod: Limit one foe put to sleep
|rule|OHKO Clause: OHKO moves are banned
|rule|Evasion Clause: Evasion abilities, items, and moves are banned
|rule|Evasion Abilities Clause: Evasion abilities are banned
|rule|Evasion Items Clause: Evasion items are banned
|rule|Evasion Moves Clause: Evasion moves are banned
|rule|Endless Battle Clause: Forcing endless battles is banned
|rule|HP Percentage Mod: HP is shown in percentages
|clearpoke
|poke|p1|Espathra, M|
|poke|p1|Cinccino, M|
|poke|p1|Pecharunt|
|poke|p1|Blastoise, M|
|poke|p1|Krookodile, M|
|poke|p1|Gouging Fire|
|poke|p2|Durant, F|
|poke|p2|Inteleon, M|
|poke|p2|Sableye, F|
|poke|p2|Maushold-Four|
|poke|p2|Incineroar, F|
|poke|p2|Kleavor, M|
|teampreview
|j| Kaui
|j| Phantom0rion
|j| imred65
|j| serendipidu
|
|t:|1719888337
|start
|switch|p1a: Roman|Blastoise, M|100\/100
|switch|p2a: Kleavor|Kleavor, M|100\/100
|turn|1
|j| Ausxh
|
|t:|1719888356
|detailschange|p1a: Roman|Blastoise-Mega, M
|-mega|p1a: Roman|Blastoise|Blastoisinite
|move|p2a: Kleavor|Knock Off|p1a: Roman
|-damage|p1a: Roman|82\/100
|move|p1a: Roman|Scald|p2a: Kleavor
|-supereffective|p2a: Kleavor
|-damage|p2a: Kleavor|0 fnt
|faint|p2a: Kleavor
|
|upkeep
|
|t:|1719888370
|switch|p2a: Sableye|Sableye, F|100\/100
|turn|2
|
|t:|1719888415
|move|p2a: Sableye|Thunder Wave|p1a: Roman
|-status|p1a: Roman|par
|move|p1a: Roman|Scald|p2a: Sableye
|-damage|p2a: Sableye|25\/100
|-status|p2a: Sableye|brn
|
|-damage|p2a: Sableye|19\/100 brn|[from] brn
|upkeep
|turn|3
|
|t:|1719888433
|detailschange|p2a: Sableye|Sableye-Mega, F
|-mega|p2a: Sableye|Sableye|Sablenite
|move|p1a: Roman|Scald|p2a: Sableye
|-crit|p2a: Sableye
|-damage|p2a: Sableye|0 fnt
|faint|p2a: Sableye
|
|upkeep
|
|t:|1719888441
|switch|p2a: Maushold|Maushold-Four|100\/100
|turn|4
|
|t:|1719888456
|move|p2a: Maushold|Bullet Seed|p1a: Roman
|-supereffective|p1a: Roman
|-damage|p1a: Roman|68\/100 par
|-supereffective|p1a: Roman
|-damage|p1a: Roman|53\/100 par
|-supereffective|p1a: Roman
|-damage|p1a: Roman|38\/100 par
|-supereffective|p1a: Roman
|-damage|p1a: Roman|24\/100 par
|-supereffective|p1a: Roman
|-damage|p1a: Roman|7\/100 par
|-hitcount|p1a: Roman|5
|cant|p1a: Roman|par
|
|upkeep
|turn|5
|
|t:|1719888468
|move|p2a: Maushold|Bullet Seed|p1a: Roman
|-supereffective|p1a: Roman
|-damage|p1a: Roman|0 fnt
|faint|p1a: Roman
|-hitcount|p1: Roman|1
|
|upkeep
|
|t:|1719888572
|switch|p1a: Quinn|Pecharunt|100\/100
|turn|6
|
|t:|1719888603
|switch|p2a: Incineroar|Incineroar, F|100\/100
|-ability|p2a: Incineroar|Intimidate|boost
|-unboost|p1a: Quinn|atk|1
|move|p1a: Quinn|Malignant Chain|p2a: Incineroar
|-damage|p2a: Incineroar|50\/100
|-status|p2a: Incineroar|tox
|-start|p2a: Incineroar|confusion|[from] ability: Poison Puppeteer|[of] p1a: Quinn
|
|-damage|p2a: Incineroar|44\/100 tox|[from] psn
|upkeep
|turn|7
|
|t:|1719888623
|switch|p1a: Ethan|Krookodile, M|100\/100
|-ability|p1a: Ethan|Intimidate|boost
|-unboost|p2a: Incineroar|atk|1
|-activate|p2a: Incineroar|confusion
|move|p2a: Incineroar|Knock Off|p1a: Ethan
|-resisted|p1a: Ethan
|-damage|p1a: Ethan|89\/100
|-enditem|p1a: Ethan|Leftovers|[from] move: Knock Off|[of] p2a: Incineroar
|
|-damage|p2a: Incineroar|32\/100 tox|[from] psn
|upkeep
|turn|8
|
|t:|1719888636
|move|p1a: Ethan|Stealth Rock|p2a: Incineroar
|-sidestart|p2: foodss|move: Stealth Rock
|-end|p2a: Incineroar|confusion
|move|p2a: Incineroar|Parting Shot|p1a: Ethan
|-unboost|p1a: Ethan|atk|1
|-unboost|p1a: Ethan|spa|1
|
|t:|1719888643
|switch|p2a: Maushold|Maushold-Four|100\/100|[from] Parting Shot
|-damage|p2a: Maushold|88\/100|[from] Stealth Rock
|
|upkeep
|turn|9
|
|t:|1719888649
|move|p2a: Maushold|Tidy Up|p2a: Maushold
|-sideend|p2: foodss|Stealth Rock
|-activate|p2a: Maushold|move: Tidy Up
|-boost|p2a: Maushold|atk|1
|-boost|p2a: Maushold|spe|1
|move|p1a: Ethan|Knock Off|p2a: Maushold
|-damage|p2a: Maushold|47\/100
|-enditem|p2a: Maushold|Loaded Dice|[from] move: Knock Off|[of] p1a: Ethan
|
|upkeep
|turn|10
|
|t:|1719888661
|move|p2a: Maushold|Bullet Seed|p1a: Ethan
|-supereffective|p1a: Ethan
|-damage|p1a: Ethan|66\/100
|-supereffective|p1a: Ethan
|-damage|p1a: Ethan|44\/100
|-supereffective|p1a: Ethan
|-crit|p1a: Ethan
|-damage|p1a: Ethan|9\/100
|-supereffective|p1a: Ethan
|-damage|p1a: Ethan|0 fnt
|faint|p1a: Ethan
|-hitcount|p1: Ethan|4
|
|upkeep
|
|t:|1719888666
|switch|p1a: Richie|Gouging Fire|100\/100
|turn|11
|
|t:|1719888673
|move|p2a: Maushold|Population Bomb|p1a: Richie
|-damage|p1a: Richie|89\/100
|-hitcount|p1a: Richie|1
|move|p1a: Richie|Dragon Claw|p2a: Maushold
|-damage|p2a: Maushold|0 fnt
|faint|p2a: Maushold
|
|-heal|p1a: Richie|95\/100|[from] item: Leftovers
|upkeep
|c| Kaui|oh no
|c|☆foodss|9-5 is rough
|
|t:|1719888703
|switch|p2a: Incineroar|Incineroar, F|32\/100 tox
|-ability|p2a: Incineroar|Intimidate|boost
|-unboost|p1a: Richie|atk|1
|turn|12
|
|t:|1719888718
|move|p1a: Richie|Earthquake|p2a: Incineroar
|-supereffective|p2a: Incineroar
|-damage|p2a: Incineroar|0 fnt
|faint|p2a: Incineroar
|
|-heal|p1a: Richie|100\/100|[from] item: Leftovers
|upkeep
|
|t:|1719888734
|switch|p2a: Inteleon|Inteleon, M|100\/100
|turn|13
|
|t:|1719888749
|move|p2a: Inteleon|Snipe Shot|p1a: Richie
|-damage|p1a: Richie|72\/100
|move|p1a: Richie|Dragon Claw|p2a: Inteleon
|-damage|p2a: Inteleon|61\/100
|
|-heal|p1a: Richie|78\/100|[from] item: Leftovers
|upkeep
|turn|14
|
|t:|1719888762
|-end|p1a: Richie|Protosynthesis|[silent]
|switch|p1a: Billy|Espathra, M|100\/100
|move|p2a: Inteleon|Snipe Shot|p1a: Billy
|-crit|p1a: Billy
|-damage|p1a: Billy|0 fnt
|faint|p1a: Billy
|
|upkeep
|
|t:|1719888803
|switch|p1a: Stu|Cinccino, M, shiny|100\/100
|turn|15
|
|t:|1719888807
|move|p2a: Inteleon|Snipe Shot|p1a: Stu
|-damage|p1a: Stu|25\/100
|move|p1a: Stu|Rock Blast|p2a: Inteleon
|-damage|p2a: Inteleon|43\/100
|-damage|p2a: Inteleon|25\/100
|-damage|p2a: Inteleon|8\/100
|-damage|p2a: Inteleon|0 fnt
|faint|p2a: Inteleon
|-hitcount|p2: Inteleon|4
|
|upkeep
|
|t:|1719888816
|switch|p2a: Durant|Durant, F|100\/100
|turn|16
|
|t:|1719888829
|move|p2a: Durant|First Impression|p1a: Stu|[miss]
|-miss|p2a: Durant|p1a: Stu
|move|p1a: Stu|Rock Blast|p2a: Durant
|-damage|p2a: Durant|88\/100
|-damage|p2a: Durant|76\/100
|-damage|p2a: Durant|63\/100
|-damage|p2a: Durant|51\/100
|-hitcount|p2a: Durant|4
|
|upkeep
|turn|17
|
|t:|1719888839
|move|p1a: Stu|Rock Blast|p2a: Durant
|-crit|p2a: Durant
|-damage|p2a: Durant|31\/100
|-damage|p2a: Durant|18\/100
|-damage|p2a: Durant|5\/100
|-damage|p2a: Durant|0 fnt
|faint|p2a: Durant
|-hitcount|p2: Durant|4
|
|win|Crown Oji
|c|☆Crown Oji|gg
|c|☆foodss|gg

</script>
</div>
<div class="battle-log battle-log-inline"><div class="inner"><div class="battle-options"></div><div class="inner message-log"><div class="chat"><small>☆Crown Oji and ☆foodss joined</small></div><div class=""><small>Format:</small> <br><strong>[Gen 9] NatDex Draft</strong></div><div class=""><small><em>Sleep Clause Mod:</em> Limit one foe put to sleep</small></div><div class=""><small><em>OHKO Clause:</em> OHKO moves are banned</small></div><div class=""><small><em>Evasion Clause:</em> Evasion abilities, items, and moves are banned</small></div><div class=""><small><em>Evasion Abilities Clause:</em> Evasion abilities are banned</small></div><div class=""><small><em>Evasion Items Clause:</em> Evasion items are banned</small></div><div class=""><small><em>Evasion Moves Clause:</em> Evasion moves are banned</small></div><div class=""><small><em>Endless Battle Clause:</em> Forcing endless battles is banned</small></div><div class=""><small><em>HP Percentage Mod:</em> HP is shown in percentages</small></div><div class="chat battle-history"><strong>Crown Oji's team:</strong> <em style="color:#445566;display:block;">Espathra / Cinccino / Pecharunt / Blastoise / Krookodile / Gouging Fire</em></div><div class="chat battle-history"><strong>foodss's team:</strong> <em style="color:#445566;display:block;">Durant / Inteleon / Sableye / Maushold-Four / Incineroar / Kleavor</em></div><div class="chat"><small> Kaui,  Phantom0rion,  imred65, and  serendipidu joined</small></div><div class="spacer battle-history"><br></div><div class="battle-history">Battle started between Crown Oji and foodss!<br></div><div class="spacer battle-history"><br></div><div class="battle-history">Go! Roman (<strong>Blastoise</strong>)!<br></div><div class="spacer battle-history"><br></div><div class="battle-history">foodss sent out <strong>Kleavor</strong>!<br></div><div class="spacer battle-history"><br></div><h2 class="battle-history">Turn 1</h2><div class="chat"><small> Ausxh joined</small></div><div class="spacer battle-history"><br></div><div class="battle-history"><small>Roman's Blastoisinite is reacting to the Key Stone!</small><br>Roman has Mega Evolved into Mega Blastoise!<br></div><div class="spacer battle-history"><br></div><div class="battle-history">The opposing Kleavor used <strong>Knock Off</strong>!<br></div><div class="battle-history"><small>(Roman lost 18% of its health!)</small><br></div><div class="spacer battle-history"><br></div><div class="battle-history">Roman used <strong>Scald</strong>!<br></div><div class="battle-history"><small>It's super effective!</small><br></div><div class="battle-history"><small>(The opposing Kleavor lost 100% of its health!)</small><br></div><div class="spacer battle-history"><br></div><div class="battle-history">The opposing Kleavor fainted!<br></div><div class="spacer battle-history"><br></div><div class="battle-history">foodss sent out <strong>Sableye</strong>!<br></div><div class="spacer battle-history"><br></div><h2 class="battle-history">Turn 2</h2><div class="spacer battle-history"><br></div><div class="battle-history">The opposing Sableye used <strong>Thunder Wave</strong>!<br></div><div class="battle-history"><small>Roman is paralyzed! It may be unable to move!</small><br></div><div class="spacer battle-history"><br></div><div class="battle-history">Roman used <strong>Scald</strong>!<br></div><div class="battle-history"><small>(The opposing Sableye lost 75% of its health!)</small><br></div><div class="battle-history"><small>The opposing Sableye was burned!</small><br></div><div class="spacer battle-history"><br></div><div class="battle-history"><small>The opposing Sableye was hurt by its burn!</small><br></div><div class="spacer battle-history"><br></div><h2 class="battle-history">Turn 3</h2><div class="spacer battle-history"><br></div><div class="battle-history"><small>The opposing Sableye's Sablenite is reacting to the Key Stone!</small><br>The opposing Sableye has Mega Evolved into Mega Sableye!<br></div><div class="spacer battle-history"><br></div><div class="battle-history">Roman used <strong>Scald</strong>!<br></div><div class="battle-history"><small>A critical hit!</small><br></div><div class="battle-history"><small>(The opposing Sableye lost 19% of its health!)</small><br></div><div class="spacer battle-history"><br></div><div class="battle-history">The opposing Sableye fainted!<br></div><div class="spacer battle-history"><br></div><div class="battle-history">foodss sent out Maushold (<strong>Maushold-Four</strong>)!<br></div><div class="spacer battle-history"><br></div><h2 class="battle-history">Turn 4</h2><div class="spacer battle-history"><br></div><div class="battle-history">The opposing Maushold used <strong>Bullet Seed</strong>!<br></div><div class="battle-history"><small>It's super effective!</small><br></div><div class="battle-history"><small>(Roman lost 14% of its health!)</small><br></div><div class="battle-history"><small>It's super effective!</small><br></div><div class="battle-history"><small>(Roman lost 15% of its health!)</small><br></div><div class="battle-history"><small>It's super effective!</small><br></div><div class="battle-history"><small>(Roman lost 15% of its health!)</small><br></div><div class="battle-history"><small>It's super effective!</small><br></div><div class="battle-history"><small>(Roman lost 14% of its health!)</small><br></div><div class="battle-history"><small>It's super effective!</small><br></div><div class="battle-history"><small>(Roman lost 17% of its health!)</small><br></div><div class="battle-history"><small>The Pokémon was hit 5 times!</small><br></div><div class="spacer battle-history"><br></div><div class="battle-history">Roman is paralyzed! It can't move!<br></div><div class="spacer battle-history"><br></div><h2 class="battle-history">Turn 5</h2><div class="spacer battle-history"><br></div><div class="battle-history">The opposing Maushold used <strong>Bullet Seed</strong>!<br></div><div class="battle-history"><small>It's super effective!</small><br></div><div class="battle-history"><small>(Roman lost 7% of its health!)</small><br></div><div class="spacer battle-history"><br></div><div class="battle-history">Roman fainted!<br></div><div class="battle-history"><small>The Pokémon was hit 1 time!</small><br></div><div class="spacer battle-history"><br></div><div class="battle-history">Go! Quinn (<strong>Pecharunt</strong>)!<br></div><div class="spacer battle-history"><br></div><h2 class="battle-history">Turn 6</h2><div class="spacer battle-history"><br></div><div class="battle-history">foodss withdrew Maushold!<br></div><div class="battle-history">foodss sent out <strong>Incineroar</strong>!<br></div><div class="battle-history">[The opposing Incineroar's Intimidate]<br></div><div class="battle-history"><small>Quinn's Attack fell!</small><br></div><div class="spacer battle-history"><br></div><div class="battle-history">Quinn used <strong>Malignant Chain</strong>!<br></div><div class="battle-history"><small>(The opposing Incineroar lost 50% of its health!)</small><br></div><div class="battle-history"><small>The opposing Incineroar was badly poisoned!</small><br></div><div class="battle-history">[Quinn's Poison Puppeteer]<br><small>The opposing Incineroar became confused!</small><br></div><div class="spacer battle-history"><br></div><div class="battle-history"><small>The opposing Incineroar was hurt by poison!</small><br></div><div class="spacer battle-history"><br></div><h2 class="battle-history">Turn 7</h2><div class="spacer battle-history"><br></div><div class="battle-history">Quinn, come back!<br></div><div class="battle-history">Go! Ethan (<strong>Krookodile</strong>)!<br></div><div class="battle-history">[Ethan's Intimidate]<br></div><div class="battle-history"><small>The opposing Incineroar's Attack fell!</small><br></div><div class="spacer battle-history"><br></div><div class="battle-history"><small>The opposing Incineroar is confused!</small><br></div><div class="battle-history">The opposing Incineroar used <strong>Knock Off</strong>!<br></div><div class="battle-history"><small>It's not very effective...</small><br></div><div class="battle-history"><small>(Ethan lost 11% of its health!)</small><br></div><div class="battle-history"><small>The opposing Incineroar knocked off Ethan's Leftovers!</small><br></div><div class="spacer battle-history"><br></div><div class="battle-history"><small>The opposing Incineroar was hurt by poison!</small><br></div><div class="spacer battle-history"><br></div><h2 class="battle-history">Turn 8</h2><div class="spacer battle-history"><br></div><div class="battle-history">Ethan used <strong>Stealth Rock</strong>!<br></div><div class="battle-history"><small>Pointed stones float in the air around the opposing team!</small><br></div><div class="battle-history"><small>The opposing Incineroar snapped out of its confusion!</small><br></div><div class="spacer battle-history"><br></div><div class="battle-history">The opposing Incineroar used <strong>Parting Shot</strong>!<br></div><div class="battle-history"><small>Ethan's Attack fell!</small><br></div><div class="battle-history"><small>Ethan's Sp. Atk fell!</small><br></div><div class="spacer battle-history"><br></div><div class="battle-history">The opposing Incineroar went back to foodss!<br></div><div class="battle-history">foodss sent out Maushold (<strong>Maushold-Four</strong>)!<br></div><div class="battle-history"><small>Pointed stones dug into the opposing Maushold!</small><br></div><div class="spacer battle-history"><br></div><h2 class="battle-history">Turn 9</h2><div class="spacer battle-history"><br></div><div class="battle-history">The opposing Maushold used <strong>Tidy Up</strong>!<br></div><div class="battle-history"><small>The pointed stones disappeared from around the opposing team!</small><br></div><div class="battle-history"><small>Tidying up complete!</small><br></div><div class="battle-history"><small>The opposing Maushold's Attack rose!</small><br></div><div class="battle-history"><small>The opposing Maushold's Speed rose!</small><br></div><div class="spacer battle-history"><br></div><div class="battle-history">Ethan used <strong>Knock Off</strong>!<br></div><div class="battle-history"><small>(The opposing Maushold lost 41% of its health!)</small><br></div><div class="battle-history"><small>Ethan knocked off the opposing Maushold's Loaded Dice!</small><br></div><div class="spacer battle-history"><br></div><h2 class="battle-history">Turn 10</h2><div class="spacer battle-history"><br></div><div class="battle-history">The opposing Maushold used <strong>Bullet Seed</strong>!<br></div><div class="battle-history"><small>It's super effective!</small><br></div><div class="battle-history"><small>(Ethan lost 23% of its health!)</small><br></div><div class="battle-history"><small>It's super effective!</small><br></div><div class="battle-history"><small>(Ethan lost 22% of its health!)</small><br></div><div class="battle-history"><small>It's super effective!</small><br></div><div class="battle-history"><small>A critical hit!</small><br></div><div class="battle-history"><small>(Ethan lost 35% of its health!)</small><br></div><div class="battle-history"><small>It's super effective!</small><br></div><div class="battle-history"><small>(Ethan lost 9% of its health!)</small><br></div><div class="spacer battle-history"><br></div><div class="battle-history">Ethan fainted!<br></div><div class="battle-history"><small>The Pokémon was hit 4 times!</small><br></div><div class="spacer battle-history"><br></div><div class="battle-history">Go! Richie (<strong>Gouging Fire</strong>)!<br></div><div class="spacer battle-history"><br></div><h2 class="battle-history">Turn 11</h2><div class="spacer battle-history"><br></div><div class="battle-history">The opposing Maushold used <strong>Population Bomb</strong>!<br></div><div class="battle-history"><small>(Richie lost 11% of its health!)</small><br></div><div class="battle-history"><small>The Pokémon was hit 1 time!</small><br></div><div class="spacer battle-history"><br></div><div class="battle-history">Richie used <strong>Dragon Claw</strong>!<br></div><div class="battle-history"><small>(The opposing Maushold lost 47% of its health!)</small><br></div><div class="spacer battle-history"><br></div><div class="battle-history">The opposing Maushold fainted!<br></div><div class="spacer battle-history"><br></div><div class="battle-history"><small>Richie restored a little HP using its Leftovers!</small><br></div><div class="chat chatmessage-kaui"><strong style="color:#73950c"><small> </small><span class="username" data-name="Kaui">Kaui</span>:</strong> <em>oh no</em></div><div class="chat chatmessage-foodss"><strong style="color:#997c37"><small>☆</small><span class="username" data-name="foodss">foodss</span>:</strong> <em>9-5 is rough</em></div><div class="spacer battle-history"><br></div><div class="battle-history">foodss sent out <strong>Incineroar</strong>!<br></div><div class="battle-history">[The opposing Incineroar's Intimidate]<br></div><div class="battle-history"><small>Richie's Attack fell!</small><br></div><div class="spacer battle-history"><br></div><h2 class="battle-history">Turn 12</h2><div class="spacer battle-history"><br></div><div class="battle-history">Richie used <strong>Earthquake</strong>!<br></div><div class="battle-history"><small>It's super effective!</small><br></div><div class="battle-history"><small>(The opposing Incineroar lost 32% of its health!)</small><br></div><div class="spacer battle-history"><br></div><div class="battle-history">The opposing Incineroar fainted!<br></div><div class="spacer battle-history"><br></div><div class="battle-history"><small>Richie restored a little HP using its Leftovers!</small><br></div><div class="spacer battle-history"><br></div><div class="battle-history">foodss sent out <strong>Inteleon</strong>!<br></div><div class="spacer battle-history"><br></div><h2 class="battle-history">Turn 13</h2><div class="spacer battle-history"><br></div><div class="battle-history">The opposing Inteleon used <strong>Snipe Shot</strong>!<br></div><div class="battle-history"><small>(Richie lost 28% of its health!)</small><br></div><div class="spacer battle-history"><br></div><div class="battle-history">Richie used <strong>Dragon Claw</strong>!<br></div><div class="battle-history"><small>(The opposing Inteleon lost 39% of its health!)</small><br></div><div class="spacer battle-history"><br></div><div class="battle-history"><small>Richie restored a little HP using its Leftovers!</small><br></div><div class="spacer battle-history"><br></div><h2 class="battle-history">Turn 14</h2><div class="spacer battle-history"><br></div><div class="battle-history">Richie, come back!<br></div><div class="battle-history">Go! Billy (<strong>Espathra</strong>)!<br></div><div class="spacer battle-history"><br></div><div class="battle-history">The opposing Inteleon used <strong>Snipe Shot</strong>!<br></div><div class="battle-history"><small>A critical hit!</small><br></div><div class="battle-history"><small>(Billy lost 100% of its health!)</small><br></div><div class="spacer battle-history"><br></div><div class="battle-history">Billy fainted!<br></div><div class="spacer battle-history"><br></div><div class="battle-history">Go! Stu (<strong>Cinccino</strong>)!<br></div><div class="spacer battle-history"><br></div><h2 class="battle-history">Turn 15</h2><div class="spacer battle-history"><br></div><div class="battle-history">The opposing Inteleon used <strong>Snipe Shot</strong>!<br></div><div class="battle-history"><small>(Stu lost 75% of its health!)</small><br></div><div class="spacer battle-history"><br></div><div class="battle-history">Stu used <strong>Rock Blast</strong>!<br></div><div class="battle-history"><small>(The opposing Inteleon lost 18% of its health!)</small><br></div><div class="battle-history"><small>(The opposing Inteleon lost 18% of its health!)</small><br></div><div class="battle-history"><small>(The opposing Inteleon lost 17% of its health!)</small><br></div><div class="battle-history"><small>(The opposing Inteleon lost 8% of its health!)</small><br></div><div class="spacer battle-history"><br></div><div class="battle-history">The opposing Inteleon fainted!<br></div><div class="battle-history"><small>The Pokémon was hit 4 times!</small><br></div><div class="spacer battle-history"><br></div><div class="battle-history">foodss sent out <strong>Durant</strong>!<br></div><div class="spacer battle-history"><br></div><h2 class="battle-history">Turn 16</h2><div class="spacer battle-history"><br></div><div class="battle-history">The opposing Durant used <strong>First Impression</strong>!<br></div><div class="battle-history"><small>Stu avoided the attack!</small><br></div><div class="spacer battle-history"><br></div><div class="battle-history">Stu used <strong>Rock Blast</strong>!<br></div><div class="battle-history"><small>(The opposing Durant lost 12% of its health!)</small><br></div><div class="battle-history"><small>(The opposing Durant lost 12% of its health!)</small><br></div><div class="battle-history"><small>(The opposing Durant lost 13% of its health!)</small><br></div><div class="battle-history"><small>(The opposing Durant lost 12% of its health!)</small><br></div><div class="battle-history"><small>The Pokémon was hit 4 times!</small><br></div><div class="spacer battle-history"><br></div><h2 class="battle-history">Turn 17</h2><div class="spacer battle-history"><br></div><div class="battle-history">Stu used <strong>Rock Blast</strong>!<br></div><div class="battle-history"><small>A critical hit!</small><br></div><div class="battle-history"><small>(The opposing Durant lost 20% of its health!)</small><br></div><div class="battle-history"><small>(The opposing Durant lost 13% of its health!)</small><br></div><div class="battle-history"><small>(The opposing Durant lost 13% of its health!)</small><br></div><div class="battle-history"><small>(The opposing Durant lost 5% of its health!)</small><br></div><div class="spacer battle-history"><br></div><div class="battle-history">The opposing Durant fainted!<br></div><div class="battle-history"><small>The Pokémon was hit 4 times!</small><br></div><div class="spacer battle-history"><br></div><div class="battle-history"><strong>Crown Oji</strong> won the battle!<br></div><div class="chat chatmessage-crownoji"><strong style="color:#bf1d4a"><small>☆</small><span class="username" data-name="Crown Oji">Crown Oji</span>:</strong> <em>gg</em></div><div class="chat chatmessage-foodss"><strong style="color:#997c37"><small>☆</small><span class="username" data-name="foodss">foodss</span>:</strong> <em>gg</em></div></div><div class="inner-preempt message-log"></div></div></div>
</div>
<script>
let daily = Math.floor(Date.now()/1000/60/60/24);document.write('<script src="https://play.pokemonshowdown.com/js/replay-embed.js?version'+daily+'"></'+'script>');
</script>
