<!DOCTYPE html>
<meta charset="utf-8" />
<!-- version 1 -->
<title>[Gen 9] NatDex Draft replay: Ausxh vs. daotxtoad</title>
<style>
html,body {font-family:Verdana, sans-serif;font-size:10pt;margin:0;padding:0;}body{padding:12px 0;} .battle-log {font-family:Verdana, sans-serif;font-size:10pt;} .battle-log-inline {border:1px solid #AAAAAA;background:#EEF2F5;color:black;max-width:640px;margin:0 auto 80px;padding-bottom:5px;} .battle-log .inner {padding:4px 8px 0px 8px;} .battle-log .inner-preempt {padding:0 8px 4px 8px;} .battle-log .inner-after {margin-top:0.5em;} .battle-log h2 {margin:0.5em -8px;padding:4px 8px;border:1px solid #AAAAAA;background:#E0E7EA;border-left:0;border-right:0;font-family:Verdana, sans-serif;font-size:13pt;} .battle-log .chat {vertical-align:middle;padding:3px 0 3px 0;font-size:8pt;} .battle-log .chat strong {color:#40576A;} .battle-log .chat em {padding:1px 4px 1px 3px;color:#000000;font-style:normal;} .chat.mine {background:rgba(0,0,0,0.05);margin-left:-8px;margin-right:-8px;padding-left:8px;padding-right:8px;} .spoiler {color:#BBBBBB;background:#BBBBBB;padding:0px 3px;} .spoiler:hover, .spoiler:active, .spoiler-shown {color:#000000;background:#E2E2E2;padding:0px 3px;} .spoiler a {color:#BBBBBB;} .spoiler:hover a, .spoiler:active a, .spoiler-shown a {color:#2288CC;} .chat code, .chat .spoiler:hover code, .chat .spoiler:active code, .chat .spoiler-shown code {border:1px solid #C0C0C0;background:#EEEEEE;color:black;padding:0 2px;} .chat .spoiler code {border:1px solid #CCCCCC;background:#CCCCCC;color:#CCCCCC;} .battle-log .rated {padding:3px 4px;} .battle-log .rated strong {color:white;background:#89A;padding:1px 4px;border-radius:4px;} .spacer {margin-top:0.5em;} .message-announce {background:#6688AA;color:white;padding:1px 4px 2px;} .message-announce a, .broadcast-green a, .broadcast-blue a, .broadcast-red a {color:#DDEEFF;} .broadcast-green {background-color:#559955;color:white;padding:2px 4px;} .broadcast-blue {background-color:#6688AA;color:white;padding:2px 4px;} .infobox {border:1px solid #6688AA;padding:2px 4px;} .infobox-limited {max-height:200px;overflow:auto;overflow-x:hidden;} .broadcast-red {background-color:#AA5544;color:white;padding:2px 4px;} .message-learn-canlearn {font-weight:bold;color:#228822;text-decoration:underline;} .message-learn-cannotlearn {font-weight:bold;color:#CC2222;text-decoration:underline;} .message-effect-weak {font-weight:bold;color:#CC2222;} .message-effect-resist {font-weight:bold;color:#6688AA;} .message-effect-immune {font-weight:bold;color:#666666;} .message-learn-list {margin-top:0;margin-bottom:0;} .message-throttle-notice, .message-error {color:#992222;} .message-overflow, .chat small.message-overflow {font-size:0pt;} .message-overflow::before {font-size:9pt;content:'...';} .subtle {color:#3A4A66;}
</style>
<div class="wrapper replay-wrapper" style="max-width:1180px;margin:0 auto">
<input type="hidden" name="replayid" value="gen9natdexdraft-2154244988" />
<div class="battle"></div><div class="battle-log"></div><div class="replay-controls"></div><div class="replay-controls-2"></div>
<h1 style="font-weight:normal;text-align:center"><strong>[Gen 9] NatDex Draft</strong><br /><a href="http://pokemonshowdown.com/users/ausxh" class="subtle" target="_blank">Ausxh</a> vs. <a href="http://pokemonshowdown.com/users/daotxtoad" class="subtle" target="_blank">daotxtoad</a></h1>
<script type="text/plain" class="battle-log-data">
|j|☆Ausxh
|j|☆daotxtoad
|t:|1719979467
|gametype|singles
|player|p1|Ausxh|miku-ground|
|player|p2|daotxtoad|crasherwake|
|teamsize|p1|6
|teamsize|p2|6
|gen|9
|tier|[Gen 9] NatDex Draft
|rule|Sleep Clause Mod: Limit one foe put to sleep
|rule|OHKO Clause: OHKO moves are banned
|rule|Evasion Clause: Evasion abilities, items, and moves are banned
|rule|Evasion Abilities Clause: Evasion abilities are banned
|rule|Evasion Items Clause: Evasion items are banned
|rule|Evasion Moves Clause: Evasion moves are banned
|rule|Endless Battle Clause: Forcing endless battles is banned
|rule|HP Percentage Mod: HP is shown in percentages
|clearpoke
|poke|p1|Iron Hands|
|poke|p1|Cloyster, M|
|poke|p1|Tapu Koko|
|poke|p1|Kartana|
|poke|p1|Hydreigon, M|
|poke|p1|Xurkitree|
|poke|p2|Alakazam, M|
|poke|p2|Melmetal|
|poke|p2|Goodra, M|
|poke|p2|Rillaboom, M|
|poke|p2|Ninetales-Alola, F|
|poke|p2|Mamoswine, F|
|teampreview
|inactive|Battle timer is ON: inactive players will automatically lose when time's up. (requested by Ausxh)
|inactiveoff|Battle timer is now OFF.
|inactive|Battle timer is ON: inactive players will automatically lose when time's up. (requested by daotxtoad)
|inactiveoff|Battle timer is now OFF.
|c|☆Ausxh|I'll get replay
|j| Kaui
|j| Phantom0rion
|j| Ultair
|
|t:|1719979537
|start
|switch|p1a: drop esp|Kartana|100\/100
|switch|p2a: Eumsig Guleum|Alakazam, M|100\/100
|turn|1
|j| Bunnnies
|j| serendipidu
|
|t:|1719979605
|detailschange|p2a: Eumsig Guleum|Alakazam-Mega, M
|-mega|p2a: Eumsig Guleum|Alakazam|Alakazite
|-ability|p2a: Eumsig Guleum|Beast Boost|[from] ability: Trace|[of] p1a: drop esp
|move|p2a: Eumsig Guleum|Focus Blast|p1a: drop esp
|-supereffective|p1a: drop esp
|-damage|p1a: drop esp|0 fnt
|faint|p1a: drop esp
|-ability|p2a: Eumsig Guleum|Beast Boost|boost
|-boost|p2a: Eumsig Guleum|spa|1
|
|upkeep
|c|☆Ausxh|oop
|
|t:|1719979618
|switch|p1a: boss rush esp|Cloyster, M|100\/100
|turn|2
|j| conundromic
|
|t:|1719979652
|move|p2a: Eumsig Guleum|Psychic|p1a: boss rush esp
|-enditem|p1a: boss rush esp|Focus Sash
|-damage|p1a: boss rush esp|1\/100
|move|p1a: boss rush esp|Shell Smash|p1a: boss rush esp
|-unboost|p1a: boss rush esp|def|1
|-unboost|p1a: boss rush esp|spd|1
|-boost|p1a: boss rush esp|atk|2
|-boost|p1a: boss rush esp|spa|2
|-boost|p1a: boss rush esp|spe|2
|
|upkeep
|turn|3
|j| Ocarina919
|
|t:|1719979673
|move|p1a: boss rush esp|Toxic Spikes|p2a: Eumsig Guleum
|-sidestart|p2: daotxtoad|move: Toxic Spikes
|move|p2a: Eumsig Guleum|Psychic|p1a: boss rush esp
|-damage|p1a: boss rush esp|0 fnt
|faint|p1a: boss rush esp
|-ability|p2a: Eumsig Guleum|Beast Boost|boost
|-boost|p2a: Eumsig Guleum|spa|1
|
|upkeep
|
|t:|1719979693
|switch|p1a: healing vision esp|Tapu Koko|100\/100
|-fieldstart|move: Electric Terrain|[from] ability: Electric Surge|[of] p1a: healing vision esp
|turn|4
|
|t:|1719979708
|move|p2a: Eumsig Guleum|Psychic|p1a: healing vision esp
|-damage|p1a: healing vision esp|0 fnt
|faint|p1a: healing vision esp
|-ability|p2a: Eumsig Guleum|Beast Boost|boost
|-boost|p2a: Eumsig Guleum|spa|1
|
|upkeep
|
|t:|1719979710
|switch|p1a: 人マニア esp|Xurkitree|100\/100
|turn|5
|
|t:|1719979717
|move|p1a: 人マニア esp|Rising Voltage|p2a: Eumsig Guleum
|-hint|Rising Voltage's BP doubled on grounded target.
|-damage|p2a: Eumsig Guleum|0 fnt
|faint|p2a: Eumsig Guleum
|-ability|p1a: 人マニア esp|Beast Boost|boost
|-boost|p1a: 人マニア esp|spa|1
|
|upkeep
|
|t:|1719979725
|switch|p2a: Alimenta Nubilum|Mamoswine, F|100\/100
|-status|p2a: Alimenta Nubilum|psn
|turn|6
|
|t:|1719979737
|switch|p1a: comebacktome esp|Hydreigon, M|100\/100
|move|p2a: Alimenta Nubilum|Icicle Crash|p1a: comebacktome esp
|-supereffective|p1a: comebacktome esp
|-damage|p1a: comebacktome esp|0 fnt
|faint|p1a: comebacktome esp
|
|-damage|p2a: Alimenta Nubilum|88\/100 psn|[from] psn
|upkeep
|
|t:|1719979750
|switch|p1a: triple journey dsp|Iron Hands|100\/100
|-activate|p1a: triple journey dsp|ability: Quark Drive
|-start|p1a: triple journey dsp|quarkdriveatk
|turn|7
|
|t:|1719979776
|move|p2a: Alimenta Nubilum|Icicle Crash|p1a: triple journey dsp
|-damage|p1a: triple journey dsp|60\/100
|move|p1a: triple journey dsp|Swords Dance|p1a: triple journey dsp
|-boost|p1a: triple journey dsp|atk|2
|
|-damage|p2a: Alimenta Nubilum|76\/100 psn|[from] psn
|upkeep
|turn|8
|
|t:|1719979784
|move|p2a: Alimenta Nubilum|Icicle Crash|p1a: triple journey dsp
|-damage|p1a: triple journey dsp|13\/100
|move|p1a: triple journey dsp|Drain Punch|p2a: Alimenta Nubilum
|-supereffective|p2a: Alimenta Nubilum
|-damage|p2a: Alimenta Nubilum|0 fnt
|-heal|p1a: triple journey dsp|47\/100|[from] drain|[of] p2a: Alimenta Nubilum
|faint|p2a: Alimenta Nubilum
|
|-fieldend|move: Electric Terrain
|-end|p1a: triple journey dsp|Quark Drive
|upkeep
|
|t:|1719979816
|switch|p2a: Oblako Produktov|Ninetales-Alola, F|100\/100
|-status|p2a: Oblako Produktov|psn
|-weather|Snow|[from] ability: Snow Warning|[of] p2a: Oblako Produktov
|turn|9
|
|t:|1719979822
|move|p2a: Oblako Produktov|Moonblast|p1a: triple journey dsp
|-supereffective|p1a: triple journey dsp
|-damage|p1a: triple journey dsp|0 fnt
|faint|p1a: triple journey dsp
|-end|p1a: triple journey dsp|Quark Drive|[silent]
|
|-weather|Snow|[upkeep]
|-damage|p2a: Oblako Produktov|88\/100 psn|[from] psn
|upkeep
|
|t:|1719979825
|switch|p1a: 人マニア esp|Xurkitree|100\/100
|turn|10
|
|t:|1719979840
|move|p1a: 人マニア esp|Dazzling Gleam|p2a: Oblako Produktov
|-damage|p2a: Oblako Produktov|50\/100 psn
|move|p2a: Oblako Produktov|Aurora Veil|p2a: Oblako Produktov
|-sidestart|p2: daotxtoad|move: Aurora Veil
|
|-weather|Snow|[upkeep]
|-damage|p2a: Oblako Produktov|38\/100 psn|[from] psn
|upkeep
|turn|11
|
|t:|1719979850
|switch|p2a: Lebensmittelwolke|Melmetal|100\/100
|move|p1a: 人マニア esp|Dazzling Gleam|p2a: Lebensmittelwolke
|-resisted|p2a: Lebensmittelwolke
|-damage|p2a: Lebensmittelwolke|92\/100
|
|-weather|Snow|[upkeep]
|-heal|p2a: Lebensmittelwolke|98\/100|[from] item: Leftovers
|upkeep
|turn|12
|c|☆Ausxh|gg
|
|t:|1719979858
|move|p1a: 人マニア esp|Dazzling Gleam|p2a: Lebensmittelwolke
|-resisted|p2a: Lebensmittelwolke
|-damage|p2a: Lebensmittelwolke|89\/100
|move|p2a: Lebensmittelwolke|Earthquake|p1a: 人マニア esp
|-supereffective|p1a: 人マニア esp
|-damage|p1a: 人マニア esp|0 fnt
|faint|p1a: 人マニア esp
|
|win|daotxtoad
|c|☆daotxtoad|ggs

</script>
</div>
<div class="battle-log battle-log-inline"><div class="inner"><div class="battle-options"></div><div class="inner message-log"><div class="chat"><small>☆Ausxh and ☆daotxtoad joined</small></div><div class=""><small>Format:</small> <br><strong>[Gen 9] NatDex Draft</strong></div><div class=""><small><em>Sleep Clause Mod:</em> Limit one foe put to sleep</small></div><div class=""><small><em>OHKO Clause:</em> OHKO moves are banned</small></div><div class=""><small><em>Evasion Clause:</em> Evasion abilities, items, and moves are banned</small></div><div class=""><small><em>Evasion Abilities Clause:</em> Evasion abilities are banned</small></div><div class=""><small><em>Evasion Items Clause:</em> Evasion items are banned</small></div><div class=""><small><em>Evasion Moves Clause:</em> Evasion moves are banned</small></div><div class=""><small><em>Endless Battle Clause:</em> Forcing endless battles is banned</small></div><div class=""><small><em>HP Percentage Mod:</em> HP is shown in percentages</small></div><div class="chat battle-history"><strong>Ausxh's team:</strong> <em style="color:#445566;display:block;">Iron Hands / Cloyster / Tapu Koko / Kartana / Hydreigon / Xurkitree</em></div><div class="chat battle-history"><strong>daotxtoad's team:</strong> <em style="color:#445566;display:block;">Alakazam / Melmetal / Goodra / Rillaboom / Ninetales-Alola / Mamoswine</em></div><div class="chat message-error">Battle timer is ON: inactive players will automatically lose when time's up. (requested by Ausxh)</div><div class="chat message-error">Battle timer is now OFF.</div><div class="chat message-error">Battle timer is ON: inactive players will automatically lose when time's up. (requested by daotxtoad)</div><div class="chat message-error">Battle timer is now OFF.</div><div class="chat chatmessage-ausxh"><strong style="color:#1d7ab4"><small>☆</small><span class="username" data-name="Ausxh">Ausxh</span>:</strong> <em>I'll get replay</em></div><div class="chat"><small> Kaui,  Phantom0rion, and  Ultair joined</small></div><div class="spacer battle-history"><br></div><div class="battle-history">Battle started between Ausxh and daotxtoad!<br></div><div class="spacer battle-history"><br></div><div class="battle-history">Go! drop esp (<strong>Kartana</strong>)!<br></div><div class="spacer battle-history"><br></div><div class="battle-history">daotxtoad sent out Eumsig Guleum (<strong>Alakazam</strong>)!<br></div><div class="spacer battle-history"><br></div><h2 class="battle-history">Turn 1</h2><div class="chat"><small> Bunnnies and  serendipidu joined</small></div><div class="spacer battle-history"><br></div><div class="battle-history"><small>The opposing Eumsig Guleum's Alakazite is reacting to the Key Stone!</small><br>The opposing Eumsig Guleum has Mega Evolved into Mega Alakazam!<br></div><div class="battle-history">[The opposing Eumsig Guleum's Trace]<br>[The opposing Eumsig Guleum's Beast Boost]<br><small>The opposing Eumsig Guleum traced drop esp's Beast Boost!</small><br></div><div class="spacer battle-history"><br></div><div class="battle-history">The opposing Eumsig Guleum used <strong>Focus Blast</strong>!<br></div><div class="battle-history"><small>It's super effective!</small><br></div><div class="battle-history"><small>(drop esp lost 100% of its health!)</small><br></div><div class="spacer battle-history"><br></div><div class="battle-history">drop esp fainted!<br></div><div class="battle-history">[The opposing Eumsig Guleum's Beast Boost]<br></div><div class="battle-history"><small>The opposing Eumsig Guleum's Sp. Atk rose!</small><br></div><div class="chat chatmessage-ausxh"><strong style="color:#1d7ab4"><small>☆</small><span class="username" data-name="Ausxh">Ausxh</span>:</strong> <em>oop</em></div><div class="spacer battle-history"><br></div><div class="battle-history">Go! boss rush esp (<strong>Cloyster</strong>)!<br></div><div class="spacer battle-history"><br></div><h2 class="battle-history">Turn 2</h2><div class="chat"><small> conundromic joined</small></div><div class="spacer battle-history"><br></div><div class="battle-history">The opposing Eumsig Guleum used <strong>Psychic</strong>!<br></div><div class="battle-history"><small>boss rush esp hung on using its Focus Sash!</small><br></div><div class="battle-history"><small>(boss rush esp lost 99% of its health!)</small><br></div><div class="spacer battle-history"><br></div><div class="battle-history">boss rush esp used <strong>Shell Smash</strong>!<br></div><div class="battle-history"><small>boss rush esp's Defense fell!</small><br></div><div class="battle-history"><small>boss rush esp's Sp. Def fell!</small><br></div><div class="battle-history"><small>boss rush esp's Attack rose sharply!</small><br></div><div class="battle-history"><small>boss rush esp's Sp. Atk rose sharply!</small><br></div><div class="battle-history"><small>boss rush esp's Speed rose sharply!</small><br></div><div class="spacer battle-history"><br></div><h2 class="battle-history">Turn 3</h2><div class="chat"><small> Ocarina919 joined</small></div><div class="spacer battle-history"><br></div><div class="battle-history">boss rush esp used <strong>Toxic Spikes</strong>!<br></div><div class="battle-history"><small>Poison spikes were scattered on the ground all around the opposing team!</small><br></div><div class="spacer battle-history"><br></div><div class="battle-history">The opposing Eumsig Guleum used <strong>Psychic</strong>!<br></div><div class="battle-history"><small>(boss rush esp lost 1% of its health!)</small><br></div><div class="spacer battle-history"><br></div><div class="battle-history">boss rush esp fainted!<br></div><div class="battle-history">[The opposing Eumsig Guleum's Beast Boost]<br></div><div class="battle-history"><small>The opposing Eumsig Guleum's Sp. Atk rose!</small><br></div><div class="spacer battle-history"><br></div><div class="battle-history">Go! healing vision esp (<strong>Tapu Koko</strong>)!<br></div><div class="battle-history">[healing vision esp's Electric Surge]<br><small>An electric current ran across the battlefield!</small><br></div><div class="spacer battle-history"><br></div><h2 class="battle-history">Turn 4</h2><div class="spacer battle-history"><br></div><div class="battle-history">The opposing Eumsig Guleum used <strong>Psychic</strong>!<br></div><div class="battle-history"><small>(healing vision esp lost 100% of its health!)</small><br></div><div class="spacer battle-history"><br></div><div class="battle-history">healing vision esp fainted!<br></div><div class="battle-history">[The opposing Eumsig Guleum's Beast Boost]<br></div><div class="battle-history"><small>The opposing Eumsig Guleum's Sp. Atk rose!</small><br></div><div class="spacer battle-history"><br></div><div class="battle-history">Go! 人マニア esp (<strong>Xurkitree</strong>)!<br></div><div class="spacer battle-history"><br></div><h2 class="battle-history">Turn 5</h2><div class="spacer battle-history"><br></div><div class="battle-history">人マニア esp used <strong>Rising Voltage</strong>!<br></div><div class="battle-history"><small>(Rising Voltage's BP doubled on grounded target.)</small><br></div><div class="battle-history"><small>(The opposing Eumsig Guleum lost 100% of its health!)</small><br></div><div class="spacer battle-history"><br></div><div class="battle-history">The opposing Eumsig Guleum fainted!<br></div><div class="battle-history">[人マニア esp's Beast Boost]<br></div><div class="battle-history"><small>人マニア esp's Sp. Atk rose!</small><br></div><div class="spacer battle-history"><br></div><div class="battle-history">daotxtoad sent out Alimenta Nubilum (<strong>Mamoswine</strong>)!<br></div><div class="battle-history"><small>The opposing Alimenta Nubilum was poisoned!</small><br></div><div class="spacer battle-history"><br></div><h2 class="battle-history">Turn 6</h2><div class="spacer battle-history"><br></div><div class="battle-history">人マニア esp, come back!<br></div><div class="battle-history">Go! comebacktome esp (<strong>Hydreigon</strong>)!<br></div><div class="spacer battle-history"><br></div><div class="battle-history">The opposing Alimenta Nubilum used <strong>Icicle Crash</strong>!<br></div><div class="battle-history"><small>It's super effective!</small><br></div><div class="battle-history"><small>(comebacktome esp lost 100% of its health!)</small><br></div><div class="spacer battle-history"><br></div><div class="battle-history">comebacktome esp fainted!<br></div><div class="spacer battle-history"><br></div><div class="battle-history"><small>The opposing Alimenta Nubilum was hurt by poison!</small><br></div><div class="spacer battle-history"><br></div><div class="battle-history">Go! triple journey dsp (<strong>Iron Hands</strong>)!<br></div><div class="battle-history">[triple journey dsp's Quark Drive]<br><small>The Electric Terrain activated triple journey dsp's Quark Drive!</small><br></div><div class="battle-history"><small>triple journey dsp's Attack was heightened!</small><br></div><div class="spacer battle-history"><br></div><h2 class="battle-history">Turn 7</h2><div class="spacer battle-history"><br></div><div class="battle-history">The opposing Alimenta Nubilum used <strong>Icicle Crash</strong>!<br></div><div class="battle-history"><small>(triple journey dsp lost 40% of its health!)</small><br></div><div class="spacer battle-history"><br></div><div class="battle-history">triple journey dsp used <strong>Swords Dance</strong>!<br></div><div class="battle-history"><small>triple journey dsp's Attack rose sharply!</small><br></div><div class="spacer battle-history"><br></div><div class="battle-history"><small>The opposing Alimenta Nubilum was hurt by poison!</small><br></div><div class="spacer battle-history"><br></div><h2 class="battle-history">Turn 8</h2><div class="spacer battle-history"><br></div><div class="battle-history">The opposing Alimenta Nubilum used <strong>Icicle Crash</strong>!<br></div><div class="battle-history"><small>(triple journey dsp lost 47% of its health!)</small><br></div><div class="spacer battle-history"><br></div><div class="battle-history">triple journey dsp used <strong>Drain Punch</strong>!<br></div><div class="battle-history"><small>It's super effective!</small><br></div><div class="battle-history"><small>(The opposing Alimenta Nubilum lost 76% of its health!)</small><br></div><div class="battle-history"><small>The opposing Alimenta Nubilum had its energy drained!</small><br></div><div class="spacer battle-history"><br></div><div class="battle-history">The opposing Alimenta Nubilum fainted!<br></div><div class="spacer battle-history"><br></div><div class="battle-history"><small>The electricity disappeared from the battlefield.</small><br></div><div class="battle-history"><small>The effects of triple journey dsp's Quark Drive wore off!</small><br></div><div class="spacer battle-history"><br></div><div class="battle-history">daotxtoad sent out Oblako Produktov (<strong>Ninetales-Alola</strong>)!<br></div><div class="battle-history"><small>The opposing Oblako Produktov was poisoned!</small><br></div><div class="battle-history">[The opposing Oblako Produktov's Snow Warning]<br><small>It started to snow!</small><br></div><div class="spacer battle-history"><br></div><h2 class="battle-history">Turn 9</h2><div class="spacer battle-history"><br></div><div class="battle-history">The opposing Oblako Produktov used <strong>Moonblast</strong>!<br></div><div class="battle-history"><small>It's super effective!</small><br></div><div class="battle-history"><small>(triple journey dsp lost 47% of its health!)</small><br></div><div class="spacer battle-history"><br></div><div class="battle-history">triple journey dsp fainted!<br></div><div class="spacer battle-history"><br></div><div class="battle-history"><small>(The snow is falling down.)</small><br></div><div class="battle-history"><small>The opposing Oblako Produktov was hurt by poison!</small><br></div><div class="spacer battle-history"><br></div><div class="battle-history">Go! 人マニア esp (<strong>Xurkitree</strong>)!<br></div><div class="spacer battle-history"><br></div><h2 class="battle-history">Turn 10</h2><div class="spacer battle-history"><br></div><div class="battle-history">人マニア esp used <strong>Dazzling Gleam</strong>!<br></div><div class="battle-history"><small>(The opposing Oblako Produktov lost 38% of its health!)</small><br></div><div class="spacer battle-history"><br></div><div class="battle-history">The opposing Oblako Produktov used <strong>Aurora Veil</strong>!<br></div><div class="battle-history"><small>Aurora Veil made the opposing team stronger against physical and special moves!</small><br></div><div class="spacer battle-history"><br></div><div class="battle-history"><small>(The snow is falling down.)</small><br></div><div class="battle-history"><small>The opposing Oblako Produktov was hurt by poison!</small><br></div><div class="spacer battle-history"><br></div><h2 class="battle-history">Turn 11</h2><div class="spacer battle-history"><br></div><div class="battle-history">daotxtoad withdrew Oblako Produktov!<br></div><div class="battle-history">daotxtoad sent out Lebensmittelwolke (<strong>Melmetal</strong>)!<br></div><div class="spacer battle-history"><br></div><div class="battle-history">人マニア esp used <strong>Dazzling Gleam</strong>!<br></div><div class="battle-history"><small>It's not very effective...</small><br></div><div class="battle-history"><small>(The opposing Lebensmittelwolke lost 8% of its health!)</small><br></div><div class="spacer battle-history"><br></div><div class="battle-history"><small>(The snow is falling down.)</small><br></div><div class="battle-history"><small>The opposing Lebensmittelwolke restored a little HP using its Leftovers!</small><br></div><div class="spacer battle-history"><br></div><h2 class="battle-history">Turn 12</h2><div class="chat chatmessage-ausxh"><strong style="color:#1d7ab4"><small>☆</small><span class="username" data-name="Ausxh">Ausxh</span>:</strong> <em>gg</em></div><div class="spacer battle-history"><br></div><div class="battle-history">人マニア esp used <strong>Dazzling Gleam</strong>!<br></div><div class="battle-history"><small>It's not very effective...</small><br></div><div class="battle-history"><small>(The opposing Lebensmittelwolke lost 9% of its health!)</small><br></div><div class="spacer battle-history"><br></div><div class="battle-history">The opposing Lebensmittelwolke used <strong>Earthquake</strong>!<br></div><div class="battle-history"><small>It's super effective!</small><br></div><div class="battle-history"><small>(人マニア esp lost 100% of its health!)</small><br></div><div class="spacer battle-history"><br></div><div class="battle-history">人マニア esp fainted!<br></div><div class="spacer battle-history"><br></div><div class="battle-history"><strong>daotxtoad</strong> won the battle!<br></div><div class="chat chatmessage-daotxtoad"><strong style="color:#483cf3"><small>☆</small><span class="username" data-name="daotxtoad">daotxtoad</span>:</strong> <em>ggs</em></div></div><div class="inner-preempt message-log"></div></div></div>
</div>
<script>
let daily = Math.floor(Date.now()/1000/60/60/24);document.write('<script src="https://play.pokemonshowdown.com/js/replay-embed.js?version'+daily+'"></'+'script>');
</script>
