<!DOCTYPE html>
<meta charset="utf-8" />
<!-- version 1 -->
<title>[Gen 9] NatDex Draft replay: Crown Oji vs. blader1176</title>
<style>
html,body {font-family:Verdana, sans-serif;font-size:10pt;margin:0;padding:0;}body{padding:12px 0;} .battle-log {font-family:Verdana, sans-serif;font-size:10pt;} .battle-log-inline {border:1px solid #AAAAAA;background:#EEF2F5;color:black;max-width:640px;margin:0 auto 80px;padding-bottom:5px;} .battle-log .inner {padding:4px 8px 0px 8px;} .battle-log .inner-preempt {padding:0 8px 4px 8px;} .battle-log .inner-after {margin-top:0.5em;} .battle-log h2 {margin:0.5em -8px;padding:4px 8px;border:1px solid #AAAAAA;background:#E0E7EA;border-left:0;border-right:0;font-family:Verdana, sans-serif;font-size:13pt;} .battle-log .chat {vertical-align:middle;padding:3px 0 3px 0;font-size:8pt;} .battle-log .chat strong {color:#40576A;} .battle-log .chat em {padding:1px 4px 1px 3px;color:#000000;font-style:normal;} .chat.mine {background:rgba(0,0,0,0.05);margin-left:-8px;margin-right:-8px;padding-left:8px;padding-right:8px;} .spoiler {color:#BBBBBB;background:#BBBBBB;padding:0px 3px;} .spoiler:hover, .spoiler:active, .spoiler-shown {color:#000000;background:#E2E2E2;padding:0px 3px;} .spoiler a {color:#BBBBBB;} .spoiler:hover a, .spoiler:active a, .spoiler-shown a {color:#2288CC;} .chat code, .chat .spoiler:hover code, .chat .spoiler:active code, .chat .spoiler-shown code {border:1px solid #C0C0C0;background:#EEEEEE;color:black;padding:0 2px;} .chat .spoiler code {border:1px solid #CCCCCC;background:#CCCCCC;color:#CCCCCC;} .battle-log .rated {padding:3px 4px;} .battle-log .rated strong {color:white;background:#89A;padding:1px 4px;border-radius:4px;} .spacer {margin-top:0.5em;} .message-announce {background:#6688AA;color:white;padding:1px 4px 2px;} .message-announce a, .broadcast-green a, .broadcast-blue a, .broadcast-red a {color:#DDEEFF;} .broadcast-green {background-color:#559955;color:white;padding:2px 4px;} .broadcast-blue {background-color:#6688AA;color:white;padding:2px 4px;} .infobox {border:1px solid #6688AA;padding:2px 4px;} .infobox-limited {max-height:200px;overflow:auto;overflow-x:hidden;} .broadcast-red {background-color:#AA5544;color:white;padding:2px 4px;} .message-learn-canlearn {font-weight:bold;color:#228822;text-decoration:underline;} .message-learn-cannotlearn {font-weight:bold;color:#CC2222;text-decoration:underline;} .message-effect-weak {font-weight:bold;color:#CC2222;} .message-effect-resist {font-weight:bold;color:#6688AA;} .message-effect-immune {font-weight:bold;color:#666666;} .message-learn-list {margin-top:0;margin-bottom:0;} .message-throttle-notice, .message-error {color:#992222;} .message-overflow, .chat small.message-overflow {font-size:0pt;} .message-overflow::before {font-size:9pt;content:'...';} .subtle {color:#3A4A66;}
</style>
<div class="wrapper replay-wrapper" style="max-width:1180px;margin:0 auto">
<input type="hidden" name="replayid" value="gen9natdexdraft-2612875427" />
<div class="battle"></div><div class="battle-log"></div><div class="replay-controls"></div><div class="replay-controls-2"></div>
<h1 style="font-weight:normal;text-align:center"><strong>[Gen 9] NatDex Draft</strong><br /><a href="http://pokemonshowdown.com/users/crownoji" class="subtle" target="_blank">Crown Oji</a> vs. <a href="http://pokemonshowdown.com/users/blader1176" class="subtle" target="_blank">blader1176</a></h1>
<script type="text/plain" class="battle-log-data">
|j|☆Crown Oji
|j|☆blader1176
|t:|1779154717
|gametype|singles
|player|p1|Crown Oji|266|
|player|p2|blader1176|pilot|
|gen|9
|tier|[Gen 9] NatDex Draft
|rule|Tera Type Preview: Tera Types are shown at Team Preview
|rule|Sleep Clause Mod: Limit one foe put to sleep
|rule|OHKO Clause: OHKO moves are banned
|rule|Evasion Clause: Evasion abilities, items, and moves are banned
|rule|Evasion Abilities Clause: Evasion abilities are banned
|rule|Evasion Items Clause: Evasion items are banned
|rule|Evasion Moves Clause: Evasion moves are banned
|rule|Endless Battle Clause: Forcing endless battles is banned
|rule|HP Percentage Mod: HP is shown in percentages
|raw|<div class="infobox"><details class="readmore" open><summary><strong>1 custom rule:<\/strong><\/summary> Tera Type Preview<\/details><\/div>
|clearpoke
|poke|p1|Sylveon, M|
|poke|p1|Drapion, M|
|poke|p1|Moltres|
|poke|p1|Pawmot, M|
|poke|p1|Cloyster, F|
|poke|p1|Aegislash, F|
|poke|p2|Forretress, M|
|poke|p2|Flygon, F|
|poke|p2|Slowking, M|
|poke|p2|Mienshao, F|
|poke|p2|Regirock|
|poke|p2|Houndoom, M|
|raw|Crown Oji's Tera Types:<br \/><psicon pokemon="sylveon" \/><psicon type="Fire" \/> \/ <psicon pokemon="drapion" \/><psicon type="Poison" \/> \/ <psicon pokemon="moltres" \/><psicon type="Fire" \/> \/ <psicon pokemon="pawmot" \/><psicon type="Electric" \/> \/ <psicon pokemon="cloyster" \/><psicon type="Water" \/> \/ <psicon pokemon="aegislash" \/><psicon type="Steel" \/>
|raw|blader1176's Tera Types:<br \/><psicon pokemon="forretress" \/><psicon type="Ghost" \/> \/ <psicon pokemon="flygon" \/><psicon type="Steel" \/> \/ <psicon pokemon="slowking" \/><psicon type="Fairy" \/> \/ <psicon pokemon="mienshao" \/><psicon type="Steel" \/> \/ <psicon pokemon="regirock" \/><psicon type="Rock" \/> \/ <psicon pokemon="houndoom" \/><psicon type="Dark" \/>
|teampreview
|j| ChillerFrost
|j| serendipidu
|j| daotxtoad
|j| Phantom0rion
|j| Bunnnies
|
|t:|1779154765
|teamsize|p1|6
|teamsize|p2|6
|start
|switch|p1a: Ourple|Drapion, M|100\/100
|switch|p2a: Regirock|Regirock|100\/100
|turn|1
|c|☆blader1176|glhf
|c|☆Crown Oji|u2
|j| Conundromic
|
|t:|1779154783
|move|p1a: Ourple|Taunt|p2a: Regirock
|-start|p2a: Regirock|move: Taunt
|cant|p2a: Regirock|move: Taunt|Stealth Rock
|
|upkeep
|turn|2
|
|t:|1779154789
|move|p1a: Ourple|Toxic Spikes|p2a: Regirock
|-sidestart|p2: blader1176|move: Toxic Spikes
|move|p2a: Regirock|Body Press|p1a: Ourple
|-damage|p1a: Ourple|64\/100
|-damage|p2a: Regirock|84\/100|[from] item: Rocky Helmet|[of] p1a: Ourple
|
|-heal|p2a: Regirock|90\/100|[from] item: Leftovers
|upkeep
|turn|3
|j| DoctaShock
|
|t:|1779154798
|move|p1a: Ourple|Knock Off|p2a: Regirock
|-damage|p2a: Regirock|77\/100
|-enditem|p2a: Regirock|Leftovers|[from] move: Knock Off|[of] p1a: Ourple
|move|p2a: Regirock|Body Press|p1a: Ourple
|-damage|p1a: Ourple|26\/100
|-damage|p2a: Regirock|60\/100|[from] item: Rocky Helmet|[of] p1a: Ourple
|
|-end|p2a: Regirock|move: Taunt
|upkeep
|turn|4
|
|t:|1779154814
|move|p1a: Ourple|Taunt|p2a: Regirock
|-start|p2a: Regirock|move: Taunt
|cant|p2a: Regirock|move: Taunt|Stealth Rock
|
|upkeep
|turn|5
|j| tomkeap
|l| tomkeap
|c|☆blader1176|rats
|j| tomkeap
|c| serendipidu|got ur ass
|
|t:|1779154853
|switch|p1a: Faded pink|Sylveon, M|100\/100
|switch|p2a: Forretress|Forretress, M|100\/100
|
|upkeep
|turn|6
|
|t:|1779154862
|move|p1a: Faded pink|Substitute|p1a: Faded pink
|-start|p1a: Faded pink|Substitute
|-damage|p1a: Faded pink|76\/100
|move|p2a: Forretress|Spikes|p1a: Faded pink
|-sidestart|p1: Crown Oji|Spikes
|
|-heal|p1a: Faded pink|82\/100|[from] item: Leftovers
|upkeep
|turn|7
|
|t:|1779154869
|move|p1a: Faded pink|Calm Mind|p1a: Faded pink
|-boost|p1a: Faded pink|spa|1
|-boost|p1a: Faded pink|spd|1
|move|p2a: Forretress|Spikes|p1a: Faded pink
|-sidestart|p1: Crown Oji|Spikes
|
|-heal|p1a: Faded pink|88\/100|[from] item: Leftovers
|upkeep
|turn|8
|
|t:|1779154912
|move|p1a: Faded pink|Calm Mind|p1a: Faded pink
|-boost|p1a: Faded pink|spa|1
|-boost|p1a: Faded pink|spd|1
|move|p2a: Forretress|Volt Switch|p1a: Faded pink
|-activate|p1a: Faded pink|move: Substitute|[damage]
|
|t:|1779154938
|switch|p2a: Regirock|Regirock|60\/100|[from] Volt Switch
|-status|p2a: Regirock|psn
|
|-heal|p1a: Faded pink|94\/100|[from] item: Leftovers
|-damage|p2a: Regirock|48\/100 psn|[from] psn
|upkeep
|turn|9
|
|t:|1779154967
|-terastallize|p2a: Regirock|Rock
|move|p1a: Faded pink|Hyper Voice|p2a: Regirock
|-damage|p2a: Regirock|0 fnt
|faint|p2a: Regirock
|
|-heal|p1a: Faded pink|99\/100|[from] item: Leftovers
|upkeep
|
|t:|1779155034
|switch|p2a: Forretress|Forretress, M|100\/100
|turn|10
|
|t:|1779155037
|move|p1a: Faded pink|Hyper Voice|p2a: Forretress
|-resisted|p2a: Forretress
|-damage|p2a: Forretress|50\/100
|move|p2a: Forretress|Gyro Ball|p1a: Faded pink
|-supereffective|p1a: Faded pink
|-activate|p1a: Faded pink|move: Substitute|[damage]
|
|-heal|p1a: Faded pink|100\/100|[from] item: Leftovers
|-heal|p2a: Forretress|56\/100|[from] item: Leftovers
|upkeep
|turn|11
|
|t:|1779155053
|move|p1a: Faded pink|Hyper Voice|p2a: Forretress
|-resisted|p2a: Forretress
|-damage|p2a: Forretress|3\/100
|move|p2a: Forretress|Gyro Ball|p1a: Faded pink
|-supereffective|p1a: Faded pink
|-end|p1a: Faded pink|Substitute
|
|-heal|p2a: Forretress|10\/100|[from] item: Leftovers
|upkeep
|turn|12
|
|t:|1779155060
|move|p1a: Faded pink|Substitute|p1a: Faded pink
|-start|p1a: Faded pink|Substitute
|-damage|p1a: Faded pink|76\/100
|move|p2a: Forretress|Gyro Ball|p1a: Faded pink
|-supereffective|p1a: Faded pink
|-activate|p1a: Faded pink|move: Substitute|[damage]
|
|-heal|p1a: Faded pink|82\/100|[from] item: Leftovers
|-heal|p2a: Forretress|16\/100|[from] item: Leftovers
|upkeep
|turn|13
|
|t:|1779155078
|move|p1a: Faded pink|Hyper Voice|p2a: Forretress
|-resisted|p2a: Forretress
|-damage|p2a: Forretress|0 fnt
|faint|p2a: Forretress
|
|-heal|p1a: Faded pink|88\/100|[from] item: Leftovers
|upkeep
|
|t:|1779155114
|switch|p2a: Mienshao|Mienshao, F|100\/100
|-status|p2a: Mienshao|psn
|turn|14
|
|t:|1779155131
|move|p2a: Mienshao|Triple Axel|p1a: Faded pink
|-end|p1a: Faded pink|Substitute
|-damage|p1a: Faded pink|72\/100
|-damage|p1a: Faded pink|49\/100
|-hitcount|p1a: Faded pink|3
|-damage|p2a: Mienshao|91\/100 psn|[from] item: Life Orb
|move|p1a: Faded pink|Hyper Voice|p2a: Mienshao
|-supereffective|p2a: Mienshao
|-damage|p2a: Mienshao|0 fnt
|faint|p2a: Mienshao
|
|-heal|p1a: Faded pink|55\/100|[from] item: Leftovers
|upkeep
|
|t:|1779155181
|switch|p2a: Flygon|Flygon, F|100\/100
|turn|15
|
|t:|1779155210
|move|p2a: Flygon|Earthquake|p1a: Faded pink
|-damage|p1a: Faded pink|21\/100
|move|p1a: Faded pink|Hyper Voice|p2a: Flygon
|-supereffective|p2a: Flygon
|-damage|p2a: Flygon|0 fnt
|faint|p2a: Flygon
|
|-heal|p1a: Faded pink|27\/100|[from] item: Leftovers
|upkeep
|
|t:|1779155220
|switch|p2a: Houndoom|Houndoom, M|100\/100
|-status|p2a: Houndoom|psn
|turn|16
|
|t:|1779155243
|detailschange|p2a: Houndoom|Houndoom-Mega, M
|-mega|p2a: Houndoom|Houndoom|Houndoominite
|move|p2a: Houndoom|Sludge Bomb|p1a: Faded pink
|-supereffective|p1a: Faded pink
|-damage|p1a: Faded pink|4\/100
|move|p1a: Faded pink|Hyper Voice|p2a: Houndoom
|-damage|p2a: Houndoom|0 fnt
|faint|p2a: Houndoom
|detailschange|p2: Houndoom|Houndoom, M|[silent]
|
|-heal|p1a: Faded pink|10\/100|[from] item: Leftovers
|upkeep
|
|t:|1779155255
|switch|p2a: Slowking|Slowking, M|100\/100
|turn|17
|
|t:|1779155260
|move|p1a: Faded pink|Hyper Voice|p2a: Slowking
|-damage|p2a: Slowking|42\/100
|move|p2a: Slowking|Scald|p1a: Faded pink
|-damage|p1a: Faded pink|1\/100
|-status|p1a: Faded pink|brn
|
|-heal|p1a: Faded pink|7\/100 brn|[from] item: Leftovers
|-damage|p1a: Faded pink|1\/100 brn|[from] brn
|upkeep
|turn|18
|c|☆blader1176|ahahhahaa
|
|t:|1779155274
|move|p1a: Faded pink|Hyper Voice|p2a: Slowking
|-damage|p2a: Slowking|0 fnt
|faint|p2a: Slowking
|
|win|Crown Oji
|c|☆blader1176|ggwp
|c|☆Crown Oji|gg

</script>
</div>
<div class="battle-log battle-log-inline"><div class="inner"><div class="battle-options"></div><div class="inner message-log"><div class="chat"><small>☆Crown Oji and ☆blader1176 joined</small></div><div class=""><small>Format:</small> <br><strong>[Gen 9] NatDex Draft</strong></div><div class=""><small><em>Tera Type Preview:</em> Tera Types are shown at Team Preview</small></div><div class=""><small><em>Sleep Clause Mod:</em> Limit one foe put to sleep</small></div><div class=""><small><em>OHKO Clause:</em> OHKO moves are banned</small></div><div class=""><small><em>Evasion Clause:</em> Evasion abilities, items, and moves are banned</small></div><div class=""><small><em>Evasion Abilities Clause:</em> Evasion abilities are banned</small></div><div class=""><small><em>Evasion Items Clause:</em> Evasion items are banned</small></div><div class=""><small><em>Evasion Moves Clause:</em> Evasion moves are banned</small></div><div class=""><small><em>Endless Battle Clause:</em> Forcing endless battles is banned</small></div><div class=""><small><em>HP Percentage Mod:</em> HP is shown in percentages</small></div><div class="chat"><div class="infobox"><details class="readmore" open=""><summary><strong>1 custom rule:</strong></summary> Tera Type Preview</details></div></div><div class="chat">Crown Oji's Tera Types:<br><span class="picon" style="background:transparent url(https://play.pokemonshowdown.com/sprites/pokemonicons-sheet.png?v22) no-repeat scroll -160px -1740px"></span><img src="https://play.pokemonshowdown.com/sprites/types/Fire.png" alt="Fire" height="14" width="32" class="pixelated"> / <span class="picon" style="background:transparent url(https://play.pokemonshowdown.com/sprites/pokemonicons-sheet.png?v22) no-repeat scroll -320px -1110px"></span><img src="https://play.pokemonshowdown.com/sprites/types/Poison.png" alt="Poison" height="14" width="32" class="pixelated"> / <span class="picon" style="background:transparent url(https://play.pokemonshowdown.com/sprites/pokemonicons-sheet.png?v22) no-repeat scroll -80px -360px"></span><img src="https://play.pokemonshowdown.com/sprites/types/Fire.png" alt="Fire" height="14" width="32" class="pixelated"> / <span class="picon" style="background:transparent url(https://play.pokemonshowdown.com/sprites/pokemonicons-sheet.png?v22) no-repeat scroll -440px -2280px"></span><img src="https://play.pokemonshowdown.com/sprites/types/Electric.png" alt="Electric" height="14" width="32" class="pixelated"> / <span class="picon" style="background:transparent url(https://play.pokemonshowdown.com/sprites/pokemonicons-sheet.png?v22) no-repeat scroll -280px -210px"></span><img src="https://play.pokemonshowdown.com/sprites/types/Water.png" alt="Water" height="14" width="32" class="pixelated"> / <span class="picon" style="background:transparent url(https://play.pokemonshowdown.com/sprites/pokemonicons-sheet.png?v22) no-repeat scroll -360px -1680px"></span><img src="https://play.pokemonshowdown.com/sprites/types/Steel.png" alt="Steel" height="14" width="32" class="pixelated"></div><div class="chat">blader1176's Tera Types:<br><span class="picon" style="background:transparent url(https://play.pokemonshowdown.com/sprites/pokemonicons-sheet.png?v22) no-repeat scroll -40px -510px"></span><img src="https://play.pokemonshowdown.com/sprites/types/Ghost.png" alt="Ghost" height="14" width="32" class="pixelated"> / <span class="picon" style="background:transparent url(https://play.pokemonshowdown.com/sprites/pokemonicons-sheet.png?v22) no-repeat scroll -240px -810px"></span><img src="https://play.pokemonshowdown.com/sprites/types/Steel.png" alt="Steel" height="14" width="32" class="pixelated"> / <span class="picon" style="background:transparent url(https://play.pokemonshowdown.com/sprites/pokemonicons-sheet.png?v22) no-repeat scroll -280px -480px"></span><img src="https://play.pokemonshowdown.com/sprites/types/Fairy.png" alt="Fairy" height="14" width="32" class="pixelated"> / <span class="picon" style="background:transparent url(https://play.pokemonshowdown.com/sprites/pokemonicons-sheet.png?v22) no-repeat scroll -320px -1530px"></span><img src="https://play.pokemonshowdown.com/sprites/types/Steel.png" alt="Steel" height="14" width="32" class="pixelated"> / <span class="picon" style="background:transparent url(https://play.pokemonshowdown.com/sprites/pokemonicons-sheet.png?v22) no-repeat scroll -200px -930px"></span><img src="https://play.pokemonshowdown.com/sprites/types/Rock.png" alt="Rock" height="14" width="32" class="pixelated"> / <span class="picon" style="background:transparent url(https://play.pokemonshowdown.com/sprites/pokemonicons-sheet.png?v22) no-repeat scroll -40px -570px"></span><img src="https://play.pokemonshowdown.com/sprites/types/Dark.png" alt="Dark" height="14" width="32" class="pixelated"></div><div class="chat battle-history"><strong>Crown Oji's team:</strong> <em style="color:#445566;display:block;">Sylveon / Drapion / Moltres / Pawmot / Cloyster / Aegislash</em></div><div class="chat battle-history"><strong>blader1176's team:</strong> <em style="color:#445566;display:block;">Forretress / Flygon / Slowking / Mienshao / Regirock / Houndoom</em></div><div class="chat"><small> ChillerFrost,  serendipidu,  daotxtoad,  Phantom0rion, and  Bunnnies joined</small></div><div class="spacer battle-history"><br></div><div class="battle-history">Battle started between Crown Oji and blader1176!<br></div><div class="spacer battle-history"><br></div><div class="battle-history">Go! Ourple (<strong>Drapion</strong>)!<br></div><div class="spacer battle-history"><br></div><div class="battle-history">blader1176 sent out <strong>Regirock</strong>!<br></div><div class="spacer battle-history"><br></div><h2 class="battle-history">Turn 1</h2><div class="chat chatmessage-blader1176"><strong style="color:#797ad1"><span class="username"><small class="groupsymbol">☆</small>blader1176</span>:</strong> <em>glhf</em></div><div class="chat chatmessage-crownoji"><strong style="color:#bf1d4a"><span class="username"><small class="groupsymbol">☆</small>Crown Oji</span>:</strong> <em>u2</em></div><div class="chat"><small> Conundromic joined</small></div><div class="spacer battle-history"><br></div><div class="battle-history">Ourple used <strong>Taunt</strong>!<br></div><div class="battle-history"><small>The opposing Regirock fell for the taunt!</small><br></div><div class="spacer battle-history"><br></div><div class="battle-history">The opposing Regirock can't use Stealth Rock after the taunt!<br></div><div class="spacer battle-history"><br></div><h2 class="battle-history">Turn 2</h2><div class="spacer battle-history"><br></div><div class="battle-history">Ourple used <strong>Toxic Spikes</strong>!<br></div><div class="battle-history"><small>Poison spikes were scattered on the ground all around the opposing team!</small><br></div><div class="spacer battle-history"><br></div><div class="battle-history">The opposing Regirock used <strong>Body Press</strong>!<br></div><div class="battle-history"><small>(Ourple lost 36% of its health!)</small><br></div><div class="battle-history"><small>The opposing Regirock was hurt by the Rocky Helmet!</small><br></div><div class="spacer battle-history"><br></div><div class="battle-history"><small>The opposing Regirock restored a little HP using its Leftovers!</small><br></div><div class="spacer battle-history"><br></div><h2 class="battle-history">Turn 3</h2><div class="chat"><small> DoctaShock joined</small></div><div class="spacer battle-history"><br></div><div class="battle-history">Ourple used <strong>Knock Off</strong>!<br></div><div class="battle-history"><small>(The opposing Regirock lost 13% of its health!)</small><br></div><div class="battle-history"><small>Ourple knocked off the opposing Regirock's Leftovers!</small><br></div><div class="spacer battle-history"><br></div><div class="battle-history">The opposing Regirock used <strong>Body Press</strong>!<br></div><div class="battle-history"><small>(Ourple lost 38% of its health!)</small><br></div><div class="battle-history"><small>The opposing Regirock was hurt by the Rocky Helmet!</small><br></div><div class="spacer battle-history"><br></div><div class="battle-history"><small>The opposing Regirock shook off the taunt!</small><br></div><div class="spacer battle-history"><br></div><h2 class="battle-history">Turn 4</h2><div class="spacer battle-history"><br></div><div class="battle-history">Ourple used <strong>Taunt</strong>!<br></div><div class="battle-history"><small>The opposing Regirock fell for the taunt!</small><br></div><div class="spacer battle-history"><br></div><div class="battle-history">The opposing Regirock can't use Stealth Rock after the taunt!<br></div><div class="spacer battle-history"><br></div><h2 class="battle-history">Turn 5</h2><div class="chat"><small> tomkeap joined;  tomkeap left</small></div><div class="chat chatmessage-blader1176"><strong style="color:#797ad1"><span class="username"><small class="groupsymbol">☆</small>blader1176</span>:</strong> <em>rats</em></div><div class="chat"><small> tomkeap joined</small></div><div class="chat chatmessage-serendipidu"><strong style="color:#7c53d9"><span class="username"><small class="groupsymbol"> </small>serendipidu</span>:</strong> <em>got ur ass</em></div><div class="spacer battle-history"><br></div><div class="battle-history">Ourple, come back!<br></div><div class="battle-history">Go! Faded pink (<strong>Sylveon</strong>)!<br></div><div class="spacer battle-history"><br></div><div class="battle-history">blader1176 withdrew Regirock!<br></div><div class="battle-history">blader1176 sent out <strong>Forretress</strong>!<br></div><div class="spacer battle-history"><br></div><h2 class="battle-history">Turn 6</h2><div class="spacer battle-history"><br></div><div class="battle-history">Faded pink used <strong>Substitute</strong>!<br></div><div class="battle-history"><small>Faded pink put in a substitute!</small><br></div><div class="battle-history"><small>(Faded pink lost 24% of its health!)</small><br></div><div class="spacer battle-history"><br></div><div class="battle-history">The opposing Forretress used <strong>Spikes</strong>!<br></div><div class="battle-history"><small>Spikes were scattered on the ground all around your team!</small><br></div><div class="spacer battle-history"><br></div><div class="battle-history"><small>Faded pink restored a little HP using its Leftovers!</small><br></div><div class="spacer battle-history"><br></div><h2 class="battle-history">Turn 7</h2><div class="spacer battle-history"><br></div><div class="battle-history">Faded pink used <strong>Calm Mind</strong>!<br></div><div class="battle-history"><small>Faded pink's Sp. Atk rose!</small><br></div><div class="battle-history"><small>Faded pink's Sp. Def rose!</small><br></div><div class="spacer battle-history"><br></div><div class="battle-history">The opposing Forretress used <strong>Spikes</strong>!<br></div><div class="battle-history"><small>Spikes were scattered on the ground all around your team!</small><br></div><div class="spacer battle-history"><br></div><div class="battle-history"><small>Faded pink restored a little HP using its Leftovers!</small><br></div><div class="spacer battle-history"><br></div><h2 class="battle-history">Turn 8</h2><div class="spacer battle-history"><br></div><div class="battle-history">Faded pink used <strong>Calm Mind</strong>!<br></div><div class="battle-history"><small>Faded pink's Sp. Atk rose!</small><br></div><div class="battle-history"><small>Faded pink's Sp. Def rose!</small><br></div><div class="spacer battle-history"><br></div><div class="battle-history">The opposing Forretress used <strong>Volt Switch</strong>!<br></div><div class="battle-history"><small>The substitute took damage for Faded pink!</small><br></div><div class="spacer battle-history"><br></div><div class="battle-history">The opposing Forretress went back to blader1176!<br></div><div class="battle-history">blader1176 sent out <strong>Regirock</strong>!<br></div><div class="battle-history"><small>The opposing Regirock was poisoned!</small><br></div><div class="spacer battle-history"><br></div><div class="battle-history"><small>Faded pink restored a little HP using its Leftovers!</small><br></div><div class="battle-history"><small>The opposing Regirock was hurt by poison!</small><br></div><div class="spacer battle-history"><br></div><h2 class="battle-history">Turn 9</h2><div class="spacer battle-history"><br></div><div class="battle-history"><small>The opposing Regirock has Terastallized into the Rock-type!</small><br></div><div class="spacer battle-history"><br></div><div class="battle-history">Faded pink used <strong>Hyper Voice</strong>!<br></div><div class="battle-history"><small>(The opposing Regirock lost 48% of its health!)</small><br></div><div class="spacer battle-history"><br></div><div class="battle-history">The opposing Regirock fainted!<br></div><div class="spacer battle-history"><br></div><div class="battle-history"><small>Faded pink restored a little HP using its Leftovers!</small><br></div><div class="spacer battle-history"><br></div><div class="battle-history">blader1176 sent out <strong>Forretress</strong>!<br></div><div class="spacer battle-history"><br></div><h2 class="battle-history">Turn 10</h2><div class="spacer battle-history"><br></div><div class="battle-history">Faded pink used <strong>Hyper Voice</strong>!<br></div><div class="battle-history"><small>It's not very effective...</small><br></div><div class="battle-history"><small>(The opposing Forretress lost 50% of its health!)</small><br></div><div class="spacer battle-history"><br></div><div class="battle-history">The opposing Forretress used <strong>Gyro Ball</strong>!<br></div><div class="battle-history"><small>It's super effective!</small><br></div><div class="battle-history"><small>The substitute took damage for Faded pink!</small><br></div><div class="spacer battle-history"><br></div><div class="battle-history"><small>Faded pink restored a little HP using its Leftovers!</small><br></div><div class="battle-history"><small>The opposing Forretress restored a little HP using its Leftovers!</small><br></div><div class="spacer battle-history"><br></div><h2 class="battle-history">Turn 11</h2><div class="spacer battle-history"><br></div><div class="battle-history">Faded pink used <strong>Hyper Voice</strong>!<br></div><div class="battle-history"><small>It's not very effective...</small><br></div><div class="battle-history"><small>(The opposing Forretress lost 53% of its health!)</small><br></div><div class="spacer battle-history"><br></div><div class="battle-history">The opposing Forretress used <strong>Gyro Ball</strong>!<br></div><div class="battle-history"><small>It's super effective!</small><br></div><div class="battle-history"><small>Faded pink's substitute faded!</small><br></div><div class="spacer battle-history"><br></div><div class="battle-history"><small>The opposing Forretress restored a little HP using its Leftovers!</small><br></div><div class="spacer battle-history"><br></div><h2 class="battle-history">Turn 12</h2><div class="spacer battle-history"><br></div><div class="battle-history">Faded pink used <strong>Substitute</strong>!<br></div><div class="battle-history"><small>Faded pink put in a substitute!</small><br></div><div class="battle-history"><small>(Faded pink lost 24% of its health!)</small><br></div><div class="spacer battle-history"><br></div><div class="battle-history">The opposing Forretress used <strong>Gyro Ball</strong>!<br></div><div class="battle-history"><small>It's super effective!</small><br></div><div class="battle-history"><small>The substitute took damage for Faded pink!</small><br></div><div class="spacer battle-history"><br></div><div class="battle-history"><small>Faded pink restored a little HP using its Leftovers!</small><br></div><div class="battle-history"><small>The opposing Forretress restored a little HP using its Leftovers!</small><br></div><div class="spacer battle-history"><br></div><h2 class="battle-history">Turn 13</h2><div class="spacer battle-history"><br></div><div class="battle-history">Faded pink used <strong>Hyper Voice</strong>!<br></div><div class="battle-history"><small>It's not very effective...</small><br></div><div class="battle-history"><small>(The opposing Forretress lost 16% of its health!)</small><br></div><div class="spacer battle-history"><br></div><div class="battle-history">The opposing Forretress fainted!<br></div><div class="spacer battle-history"><br></div><div class="battle-history"><small>Faded pink restored a little HP using its Leftovers!</small><br></div><div class="spacer battle-history"><br></div><div class="battle-history">blader1176 sent out <strong>Mienshao</strong>!<br></div><div class="battle-history"><small>The opposing Mienshao was poisoned!</small><br></div><div class="spacer battle-history"><br></div><h2 class="battle-history">Turn 14</h2><div class="spacer battle-history"><br></div><div class="battle-history">The opposing Mienshao used <strong>Triple Axel</strong>!<br></div><div class="battle-history"><small>Faded pink's substitute faded!</small><br></div><div class="battle-history"><small>(Faded pink lost 16% of its health!)</small><br></div><div class="battle-history"><small>(Faded pink lost 23% of its health!)</small><br></div><div class="battle-history"><small>The Pokémon was hit 3 times!</small><br></div><div class="battle-history"><small>The opposing Mienshao lost some of its HP!</small><br></div><div class="spacer battle-history"><br></div><div class="battle-history">Faded pink used <strong>Hyper Voice</strong>!<br></div><div class="battle-history"><small>It's super effective!</small><br></div><div class="battle-history"><small>(The opposing Mienshao lost 91% of its health!)</small><br></div><div class="spacer battle-history"><br></div><div class="battle-history">The opposing Mienshao fainted!<br></div><div class="spacer battle-history"><br></div><div class="battle-history"><small>Faded pink restored a little HP using its Leftovers!</small><br></div><div class="spacer battle-history"><br></div><div class="battle-history">blader1176 sent out <strong>Flygon</strong>!<br></div><div class="spacer battle-history"><br></div><h2 class="battle-history">Turn 15</h2><div class="spacer battle-history"><br></div><div class="battle-history">The opposing Flygon used <strong>Earthquake</strong>!<br></div><div class="battle-history"><small>(Faded pink lost 34% of its health!)</small><br></div><div class="spacer battle-history"><br></div><div class="battle-history">Faded pink used <strong>Hyper Voice</strong>!<br></div><div class="battle-history"><small>It's super effective!</small><br></div><div class="battle-history"><small>(The opposing Flygon lost 100% of its health!)</small><br></div><div class="spacer battle-history"><br></div><div class="battle-history">The opposing Flygon fainted!<br></div><div class="spacer battle-history"><br></div><div class="battle-history"><small>Faded pink restored a little HP using its Leftovers!</small><br></div><div class="spacer battle-history"><br></div><div class="battle-history">blader1176 sent out <strong>Houndoom</strong>!<br></div><div class="battle-history"><small>The opposing Houndoom was poisoned!</small><br></div><div class="spacer battle-history"><br></div><h2 class="battle-history">Turn 16</h2><div class="spacer battle-history"><br></div><div class="battle-history"><small>The opposing Houndoom's Houndoominite is reacting to the Key Stone!</small><br>The opposing Houndoom has Mega Evolved into Mega Houndoom!<br></div><div class="spacer battle-history"><br></div><div class="battle-history">The opposing Houndoom used <strong>Sludge Bomb</strong>!<br></div><div class="battle-history"><small>It's super effective!</small><br></div><div class="battle-history"><small>(Faded pink lost 23% of its health!)</small><br></div><div class="spacer battle-history"><br></div><div class="battle-history">Faded pink used <strong>Hyper Voice</strong>!<br></div><div class="battle-history"><small>(The opposing Houndoom lost 100% of its health!)</small><br></div><div class="spacer battle-history"><br></div><div class="battle-history">The opposing Houndoom fainted!<br></div><div class="spacer battle-history"><br></div><div class="battle-history"><small>Faded pink restored a little HP using its Leftovers!</small><br></div><div class="spacer battle-history"><br></div><div class="battle-history">blader1176 sent out <strong>Slowking</strong>!<br></div><div class="spacer battle-history"><br></div><h2 class="battle-history">Turn 17</h2><div class="spacer battle-history"><br></div><div class="battle-history">Faded pink used <strong>Hyper Voice</strong>!<br></div><div class="battle-history"><small>(The opposing Slowking lost 58% of its health!)</small><br></div><div class="spacer battle-history"><br></div><div class="battle-history">The opposing Slowking used <strong>Scald</strong>!<br></div><div class="battle-history"><small>(Faded pink lost 9% of its health!)</small><br></div><div class="battle-history"><small>Faded pink was burned!</small><br></div><div class="spacer battle-history"><br></div><div class="battle-history"><small>Faded pink restored a little HP using its Leftovers!</small><br></div><div class="battle-history"><small>Faded pink was hurt by its burn!</small><br></div><div class="spacer battle-history"><br></div><h2 class="battle-history">Turn 18</h2><div class="chat chatmessage-blader1176"><strong style="color:#797ad1"><span class="username"><small class="groupsymbol">☆</small>blader1176</span>:</strong> <em>ahahhahaa</em></div><div class="spacer battle-history"><br></div><div class="battle-history">Faded pink used <strong>Hyper Voice</strong>!<br></div><div class="battle-history"><small>(The opposing Slowking lost 42% of its health!)</small><br></div><div class="spacer battle-history"><br></div><div class="battle-history">The opposing Slowking fainted!<br></div><div class="spacer battle-history"><br></div><div class="battle-history"><strong>Crown Oji</strong> won the battle!<br></div><div class="chat chatmessage-blader1176"><strong style="color:#797ad1"><span class="username"><small class="groupsymbol">☆</small>blader1176</span>:</strong> <em>ggwp</em></div><div class="chat chatmessage-crownoji"><strong style="color:#bf1d4a"><span class="username"><small class="groupsymbol">☆</small>Crown Oji</span>:</strong> <em>gg</em></div></div><div class="inner-preempt message-log"></div></div></div>
</div>
<script>
let daily = Math.floor(Date.now()/1000/60/60/24);document.write('<script src="https://play.pokemonshowdown.com/js/replay-embed.js?version'+daily+'"></'+'script>');
</script>
