<!DOCTYPE html>
<meta charset="utf-8" />
<!-- version 1 -->
<title>[Gen 9] NatDex Draft replay: Contranaut vs. Crown Oji</title>
<style>
html,body {font-family:Verdana, sans-serif;font-size:10pt;margin:0;padding:0;}body{padding:12px 0;} .battle-log {font-family:Verdana, sans-serif;font-size:10pt;} .battle-log-inline {border:1px solid #AAAAAA;background:#EEF2F5;color:black;max-width:640px;margin:0 auto 80px;padding-bottom:5px;} .battle-log .inner {padding:4px 8px 0px 8px;} .battle-log .inner-preempt {padding:0 8px 4px 8px;} .battle-log .inner-after {margin-top:0.5em;} .battle-log h2 {margin:0.5em -8px;padding:4px 8px;border:1px solid #AAAAAA;background:#E0E7EA;border-left:0;border-right:0;font-family:Verdana, sans-serif;font-size:13pt;} .battle-log .chat {vertical-align:middle;padding:3px 0 3px 0;font-size:8pt;} .battle-log .chat strong {color:#40576A;} .battle-log .chat em {padding:1px 4px 1px 3px;color:#000000;font-style:normal;} .chat.mine {background:rgba(0,0,0,0.05);margin-left:-8px;margin-right:-8px;padding-left:8px;padding-right:8px;} .spoiler {color:#BBBBBB;background:#BBBBBB;padding:0px 3px;} .spoiler:hover, .spoiler:active, .spoiler-shown {color:#000000;background:#E2E2E2;padding:0px 3px;} .spoiler a {color:#BBBBBB;} .spoiler:hover a, .spoiler:active a, .spoiler-shown a {color:#2288CC;} .chat code, .chat .spoiler:hover code, .chat .spoiler:active code, .chat .spoiler-shown code {border:1px solid #C0C0C0;background:#EEEEEE;color:black;padding:0 2px;} .chat .spoiler code {border:1px solid #CCCCCC;background:#CCCCCC;color:#CCCCCC;} .battle-log .rated {padding:3px 4px;} .battle-log .rated strong {color:white;background:#89A;padding:1px 4px;border-radius:4px;} .spacer {margin-top:0.5em;} .message-announce {background:#6688AA;color:white;padding:1px 4px 2px;} .message-announce a, .broadcast-green a, .broadcast-blue a, .broadcast-red a {color:#DDEEFF;} .broadcast-green {background-color:#559955;color:white;padding:2px 4px;} .broadcast-blue {background-color:#6688AA;color:white;padding:2px 4px;} .infobox {border:1px solid #6688AA;padding:2px 4px;} .infobox-limited {max-height:200px;overflow:auto;overflow-x:hidden;} .broadcast-red {background-color:#AA5544;color:white;padding:2px 4px;} .message-learn-canlearn {font-weight:bold;color:#228822;text-decoration:underline;} .message-learn-cannotlearn {font-weight:bold;color:#CC2222;text-decoration:underline;} .message-effect-weak {font-weight:bold;color:#CC2222;} .message-effect-resist {font-weight:bold;color:#6688AA;} .message-effect-immune {font-weight:bold;color:#666666;} .message-learn-list {margin-top:0;margin-bottom:0;} .message-throttle-notice, .message-error {color:#992222;} .message-overflow, .chat small.message-overflow {font-size:0pt;} .message-overflow::before {font-size:9pt;content:'...';} .subtle {color:#3A4A66;}
</style>
<div class="wrapper replay-wrapper" style="max-width:1180px;margin:0 auto">
<input type="hidden" name="replayid" value="gen9natdexdraft-2327295094" />
<div class="battle"></div><div class="battle-log"></div><div class="replay-controls"></div><div class="replay-controls-2"></div>
<h1 style="font-weight:normal;text-align:center"><strong>[Gen 9] NatDex Draft</strong><br /><a href="http://pokemonshowdown.com/users/contranaut" class="subtle" target="_blank">Contranaut</a> vs. <a href="http://pokemonshowdown.com/users/crownoji" class="subtle" target="_blank">Crown Oji</a></h1>
<script type="text/plain" class="battle-log-data">
|j|☆Contranaut
|j|☆Crown Oji
|t:|1742872756
|gametype|singles
|player|p1|Contranaut|1|
|player|p2|Crown Oji|toddsnap2|
|teamsize|p1|6
|teamsize|p2|6
|gen|9
|tier|[Gen 9] NatDex Draft
|rule|Sleep Clause Mod: Limit one foe put to sleep
|rule|OHKO Clause: OHKO moves are banned
|rule|Evasion Clause: Evasion abilities, items, and moves are banned
|rule|Evasion Abilities Clause: Evasion abilities are banned
|rule|Evasion Items Clause: Evasion items are banned
|rule|Evasion Moves Clause: Evasion moves are banned
|rule|Endless Battle Clause: Forcing endless battles is banned
|rule|HP Percentage Mod: HP is shown in percentages
|clearpoke
|poke|p1|Cobalion|
|poke|p1|Lopunny, F|
|poke|p1|Eelektross, F|
|poke|p1|Rillaboom, M|
|poke|p1|Drifblim, M|
|poke|p1|Volcanion|
|poke|p2|Starmie|
|poke|p2|Tangrowth, M|
|poke|p2|Fletchinder, F|
|poke|p2|Tapu Koko|
|poke|p2|Sneasler, M|
|poke|p2|Nihilego|
|teampreview
|j| Bunnnies
|j| serendipidu
|c| Bunnnies|hey how come we had to deal with all the serene grace mons
|c| Bunnnies|and ben doesn't
|c|☆Contranaut|you're right I didn't have to deal with any hax
|c|☆Crown Oji|i have something far more dastardly prepared
|c| Bunnnies|idk i felt pretty dastarded last battle
|
|t:|1742872899
|start
|switch|p1a: Lopunny|Lopunny, F|100\/100
|switch|p2a: Sneasler|Sneasler, M|100\/100
|turn|1
|j| ksch
|
|t:|1742872944
|switch|p2a: Fletchinder|Fletchinder, F|100\/100
|switch|p1a: Drifblim|Drifblim, M|100\/100
|
|upkeep
|turn|2
|j| conundromic
|
|t:|1742872954
|switch|p1a: Volcanion|Volcanion|100\/100
|move|p2a: Fletchinder|U-turn|p1a: Volcanion
|-resisted|p1a: Volcanion
|-damage|p1a: Volcanion|96\/100
|
|t:|1742873005
|switch|p2a: Nihilego|Nihilego|100\/100|[from] U-turn
|
|upkeep
|turn|3
|
|t:|1742873082
|switch|p1a: Cobalion|Cobalion|100\/100
|move|p2a: Nihilego|Thunderbolt|p1a: Cobalion
|-damage|p1a: Cobalion|64\/100
|
|upkeep
|turn|4
|
|t:|1742873102
|switch|p2a: Tangrowth|Tangrowth, M|100\/100
|move|p1a: Cobalion|Close Combat|p2a: Tangrowth
|-damage|p2a: Tangrowth|73\/100
|-unboost|p1a: Cobalion|def|1
|-unboost|p1a: Cobalion|spd|1
|-damage|p1a: Cobalion|48\/100|[from] item: Rocky Helmet|[of] p2a: Tangrowth
|
|upkeep
|turn|5
|
|t:|1742873129
|switch|p1a: Rillaboom|Rillaboom, M|100\/100
|-fieldstart|move: Grassy Terrain|[from] ability: Grassy Surge|[of] p1a: Rillaboom
|move|p2a: Tangrowth|Toxic|p1a: Rillaboom
|-status|p1a: Rillaboom|tox
|
|-heal|p2a: Tangrowth|79\/100|[from] Grassy Terrain
|-damage|p1a: Rillaboom|94\/100 tox|[from] psn
|upkeep
|turn|6
|
|t:|1742873140
|move|p1a: Rillaboom|Knock Off|p2a: Tangrowth
|-damage|p2a: Tangrowth|50\/100
|-damage|p1a: Rillaboom|78\/100 tox|[from] item: Rocky Helmet|[of] p2a: Tangrowth
|-enditem|p2a: Tangrowth|Rocky Helmet|[from] move: Knock Off|[of] p1a: Rillaboom
|move|p2a: Tangrowth|Toxic|p1a: Rillaboom|[miss]
|-miss|p2a: Tangrowth|p1a: Rillaboom
|
|-heal|p1a: Rillaboom|84\/100 tox|[from] Grassy Terrain
|-heal|p2a: Tangrowth|56\/100|[from] Grassy Terrain
|-damage|p1a: Rillaboom|71\/100 tox|[from] psn
|upkeep
|turn|7
|
|t:|1742873167
|switch|p1a: Cobalion|Cobalion|48\/100
|move|p2a: Tangrowth|Knock Off|p1a: Cobalion
|-resisted|p1a: Cobalion
|-damage|p1a: Cobalion|39\/100
|-ability|p1a: Cobalion|Justified|boost
|-boost|p1a: Cobalion|atk|1
|-enditem|p1a: Cobalion|Chople Berry|[from] move: Knock Off|[of] p2a: Tangrowth
|
|-heal|p1a: Cobalion|45\/100|[from] Grassy Terrain
|-heal|p2a: Tangrowth|62\/100|[from] Grassy Terrain
|upkeep
|turn|8
|
|t:|1742873188
|switch|p2a: Fletchinder|Fletchinder, F|100\/100
|move|p1a: Cobalion|Swords Dance|p1a: Cobalion
|-boost|p1a: Cobalion|atk|2
|
|-heal|p1a: Cobalion|51\/100|[from] Grassy Terrain
|upkeep
|turn|9
|j| CDR Cucumber
|
|t:|1742873214
|move|p1a: Cobalion|Zen Headbutt|p2a: Fletchinder
|-damage|p2a: Fletchinder|49\/100
|move|p2a: Fletchinder|Flamethrower|p1a: Cobalion
|-supereffective|p1a: Cobalion
|-crit|p1a: Cobalion
|-damage|p1a: Cobalion|0 fnt
|faint|p1a: Cobalion
|
|-fieldend|move: Grassy Terrain
|upkeep
|
|t:|1742873256
|switch|p1a: Volcanion|Volcanion|96\/100
|turn|10
|
|t:|1742873268
|switch|p2a: bonbon|Starmie|100\/100
|move|p1a: Volcanion|Steam Eruption|p2a: bonbon
|-resisted|p2a: bonbon
|-damage|p2a: bonbon|77\/100
|
|upkeep
|turn|11
|
|t:|1742873291
|switch|p1a: Eelektross|Eelektross, F|100\/100
|move|p2a: bonbon|Thunderbolt|p1a: Eelektross
|-resisted|p1a: Eelektross
|-damage|p1a: Eelektross|90\/100
|
|upkeep
|turn|12
|
|t:|1742873311
|switch|p2a: Tapu Koko|Tapu Koko|100\/100
|-fieldstart|move: Electric Terrain|[from] ability: Electric Surge|[of] p2a: Tapu Koko
|move|p1a: Eelektross|Supercell Slam|p2a: Tapu Koko
|-resisted|p2a: Tapu Koko
|-damage|p2a: Tapu Koko|74\/100
|
|-heal|p2a: Tapu Koko|80\/100|[from] item: Leftovers
|upkeep
|turn|13
|
|t:|1742873321
|move|p2a: Tapu Koko|Nature's Madness|p1a: Eelektross|[miss]
|-miss|p2a: Tapu Koko|p1a: Eelektross
|move|p1a: Eelektross|U-turn|p2a: Tapu Koko
|-resisted|p2a: Tapu Koko
|-damage|p2a: Tapu Koko|67\/100
|l| CDR Cucumber
|j| ChillerFrost
|
|t:|1742873347
|switch|p1a: Lopunny|Lopunny, F|100\/100|[from] U-turn
|
|-heal|p2a: Tapu Koko|73\/100|[from] item: Leftovers
|upkeep
|turn|14
|
|t:|1742873374
|switch|p2a: Fletchinder|Fletchinder, F|49\/100
|detailschange|p1a: Lopunny|Lopunny-Mega, F
|-mega|p1a: Lopunny|Lopunny|Lopunnite
|move|p1a: Lopunny|Power-Up Punch|p2a: Fletchinder
|-resisted|p2a: Fletchinder
|-damage|p2a: Fletchinder|38\/100
|-boost|p1a: Lopunny|atk|1
|-status|p1a: Lopunny|brn|[from] ability: Flame Body|[of] p2a: Fletchinder
|
|-damage|p1a: Lopunny|95\/100 brn|[from] brn
|upkeep
|turn|15
|
|t:|1742873436
|move|p1a: Lopunny|Return|p2a: Fletchinder
|-damage|p2a: Fletchinder|1\/100
|move|p2a: Fletchinder|Roost|p2a: Fletchinder
|-heal|p2a: Fletchinder|51\/100
|-singleturn|p2a: Fletchinder|move: Roost
|
|-damage|p1a: Lopunny|89\/100 brn|[from] brn
|upkeep
|turn|16
|
|t:|1742873468
|move|p1a: Lopunny|Power-Up Punch|p2a: Fletchinder
|-resisted|p2a: Fletchinder
|-damage|p2a: Fletchinder|43\/100
|-boost|p1a: Lopunny|atk|1
|move|p2a: Fletchinder|Flamethrower|p1a: Lopunny
|-damage|p1a: Lopunny|62\/100 brn
|
|-damage|p1a: Lopunny|56\/100 brn|[from] brn
|-fieldend|move: Electric Terrain
|upkeep
|turn|17
|
|t:|1742873480
|move|p1a: Lopunny|Return|p2a: Fletchinder
|-damage|p2a: Fletchinder|0 fnt
|faint|p2a: Fletchinder
|
|-damage|p1a: Lopunny|50\/100 brn|[from] brn
|upkeep
|
|t:|1742873510
|switch|p2a: Sneasler|Sneasler, M|100\/100
|turn|18
|
|t:|1742873531
|move|p2a: Sneasler|Dire Claw|p1a: Lopunny
|-damage|p1a: Lopunny|0 fnt
|faint|p1a: Lopunny
|
|upkeep
|
|t:|1742873576
|switch|p1a: Volcanion|Volcanion|96\/100
|turn|19
|
|t:|1742873625
|switch|p2a: bonbon|Starmie|77\/100
|move|p1a: Volcanion|Wild Charge|p2a: bonbon
|-supereffective|p2a: bonbon
|-damage|p2a: bonbon|9\/100
|-damage|p1a: Volcanion|84\/100|[from] Recoil
|
|upkeep
|turn|20
|
|t:|1742873647
|move|p2a: bonbon|Psychic|p1a: Volcanion
|-damage|p1a: Volcanion|54\/100
|move|p1a: Volcanion|Wild Charge|p2a: bonbon
|-supereffective|p2a: bonbon
|-damage|p2a: bonbon|0 fnt
|faint|p2a: bonbon
|-damage|p1a: Volcanion|53\/100|[from] Recoil
|
|upkeep
|
|t:|1742873712
|switch|p2a: Nihilego|Nihilego|100\/100
|turn|21
|
|t:|1742873734
|switch|p1a: Eelektross|Eelektross, F|90\/100
|move|p2a: Nihilego|Thunderbolt|p1a: Eelektross
|-resisted|p1a: Eelektross
|-damage|p1a: Eelektross|81\/100
|
|upkeep
|turn|22
|
|t:|1742873786
|switch|p2a: Tapu Koko|Tapu Koko|73\/100
|-fieldstart|move: Electric Terrain|[from] ability: Electric Surge|[of] p2a: Tapu Koko
|move|p1a: Eelektross|U-turn|p2a: Tapu Koko
|-resisted|p2a: Tapu Koko
|-damage|p2a: Tapu Koko|59\/100
|
|t:|1742873805
|switch|p1a: Rillaboom|Rillaboom, M|71\/100 tox|[from] U-turn
|-fieldstart|move: Grassy Terrain|[from] ability: Grassy Surge|[of] p1a: Rillaboom
|
|-heal|p2a: Tapu Koko|65\/100|[from] Grassy Terrain
|-heal|p2a: Tapu Koko|71\/100|[from] item: Leftovers
|-heal|p1a: Rillaboom|78\/100 tox|[from] Grassy Terrain
|-damage|p1a: Rillaboom|71\/100 tox|[from] psn
|upkeep
|turn|23
|
|t:|1742873842
|move|p2a: Tapu Koko|Roost|p2a: Tapu Koko
|-heal|p2a: Tapu Koko|100\/100
|-singleturn|p2a: Tapu Koko|move: Roost
|move|p1a: Rillaboom|U-turn|p2a: Tapu Koko
|-resisted|p2a: Tapu Koko
|-damage|p2a: Tapu Koko|79\/100
|
|t:|1742873910
|switch|p1a: Drifblim|Drifblim, M|100\/100|[from] U-turn
|-enditem|p1a: Drifblim|Grassy Seed
|-boost|p1a: Drifblim|def|1|[from] item: Grassy Seed
|
|-heal|p2a: Tapu Koko|85\/100|[from] Grassy Terrain
|-heal|p2a: Tapu Koko|91\/100|[from] item: Leftovers
|upkeep
|turn|24
|
|t:|1742873925
|-terastallize|p1a: Drifblim|Ghost
|move|p1a: Drifblim|Calm Mind|p1a: Drifblim
|-boost|p1a: Drifblim|spa|1
|-boost|p1a: Drifblim|spd|1
|move|p2a: Tapu Koko|Toxic|p1a: Drifblim
|-status|p1a: Drifblim|tox
|
|-heal|p2a: Tapu Koko|97\/100|[from] Grassy Terrain
|-heal|p2a: Tapu Koko|100\/100|[from] item: Leftovers
|-damage|p1a: Drifblim|94\/100 tox|[from] psn
|upkeep
|turn|25
|
|t:|1742873936
|move|p1a: Drifblim|Shadow Ball|p2a: Tapu Koko
|-crit|p2a: Tapu Koko
|-damage|p2a: Tapu Koko|0 fnt
|faint|p2a: Tapu Koko
|
|-heal|p1a: Drifblim|100\/100 tox|[from] Grassy Terrain
|-damage|p1a: Drifblim|88\/100 tox|[from] psn
|upkeep
|
|t:|1742873952
|switch|p2a: Nihilego|Nihilego|100\/100
|turn|26
|
|t:|1742873963
|move|p1a: Drifblim|Shadow Ball|p2a: Nihilego
|-damage|p2a: Nihilego|68\/100
|move|p2a: Nihilego|Thunderbolt|p1a: Drifblim
|-damage|p1a: Drifblim|63\/100 tox
|
|-heal|p1a: Drifblim|69\/100 tox|[from] Grassy Terrain
|-heal|p2a: Nihilego|74\/100|[from] Grassy Terrain
|-damage|p1a: Drifblim|50\/100 tox|[from] psn
|-fieldend|move: Grassy Terrain
|upkeep
|turn|27
|
|t:|1742874040
|move|p1a: Drifblim|Shadow Ball|p2a: Nihilego
|-damage|p2a: Nihilego|43\/100
|move|p2a: Nihilego|Thunderbolt|p1a: Drifblim
|-damage|p1a: Drifblim|24\/100 tox
|
|-damage|p1a: Drifblim|0 fnt|[from] psn
|faint|p1a: Drifblim
|upkeep
|
|t:|1742874092
|switch|p1a: Eelektross|Eelektross, F|81\/100
|turn|28
|
|t:|1742874109
|move|p2a: Nihilego|Sludge Wave|p1a: Eelektross
|-damage|p1a: Eelektross|53\/100
|move|p1a: Eelektross|U-turn|p2a: Nihilego
|-resisted|p2a: Nihilego
|-crit|p2a: Nihilego
|-damage|p2a: Nihilego|16\/100
|
|t:|1742874117
|switch|p1a: Rillaboom|Rillaboom, M|71\/100 tox|[from] U-turn
|-fieldstart|move: Grassy Terrain|[from] ability: Grassy Surge|[of] p1a: Rillaboom
|
|-heal|p2a: Nihilego|22\/100|[from] Grassy Terrain
|-heal|p1a: Rillaboom|78\/100 tox|[from] Grassy Terrain
|-damage|p1a: Rillaboom|71\/100 tox|[from] psn
|upkeep
|turn|29
|
|t:|1742874123
|switch|p2a: Tangrowth|Tangrowth, M|95\/100
|move|p1a: Rillaboom|Grassy Glide|p2a: Tangrowth
|-resisted|p2a: Tangrowth
|-damage|p2a: Tangrowth|80\/100
|
|-heal|p1a: Rillaboom|78\/100 tox|[from] Grassy Terrain
|-heal|p2a: Tangrowth|86\/100|[from] Grassy Terrain
|-damage|p1a: Rillaboom|65\/100 tox|[from] psn
|upkeep
|turn|30
|
|t:|1742874212
|switch|p1a: Eelektross|Eelektross, F|53\/100
|move|p2a: Tangrowth|Knock Off|p1a: Eelektross
|-damage|p1a: Eelektross|29\/100
|-enditem|p1a: Eelektross|Assault Vest|[from] move: Knock Off|[of] p2a: Tangrowth
|
|-heal|p2a: Tangrowth|92\/100|[from] Grassy Terrain
|upkeep
|turn|31
|
|t:|1742874223
|move|p2a: Tangrowth|Morning Sun|p2a: Tangrowth
|-heal|p2a: Tangrowth|100\/100
|move|p1a: Eelektross|Drain Punch|p2a: Tangrowth
|-damage|p2a: Tangrowth|88\/100
|-heal|p1a: Eelektross|36\/100|[from] drain|[of] p2a: Tangrowth
|
|-heal|p2a: Tangrowth|94\/100|[from] Grassy Terrain
|upkeep
|turn|32
|
|t:|1742874239
|move|p2a: Tangrowth|Toxic|p1a: Eelektross
|-status|p1a: Eelektross|tox
|move|p1a: Eelektross|U-turn|p2a: Tangrowth
|-supereffective|p2a: Tangrowth
|-damage|p2a: Tangrowth|70\/100
|
|t:|1742874242
|switch|p1a: Rillaboom|Rillaboom, M|65\/100 tox|[from] U-turn
|
|-heal|p1a: Rillaboom|71\/100 tox|[from] Grassy Terrain
|-heal|p2a: Tangrowth|76\/100|[from] Grassy Terrain
|-damage|p1a: Rillaboom|65\/100 tox|[from] psn
|-fieldend|move: Grassy Terrain
|upkeep
|turn|33
|
|t:|1742874256
|move|p1a: Rillaboom|U-turn|p2a: Tangrowth
|-supereffective|p2a: Tangrowth
|-damage|p2a: Tangrowth|32\/100
|
|t:|1742874261
|switch|p1a: Eelektross|Eelektross, F|36\/100 tox|[from] U-turn
|move|p2a: Tangrowth|Knock Off|p1a: Eelektross
|-crit|p1a: Eelektross
|-damage|p1a: Eelektross|9\/100 tox
|
|-damage|p1a: Eelektross|3\/100 tox|[from] psn
|upkeep
|turn|34
|
|t:|1742874270
|move|p2a: Tangrowth|Morning Sun|p2a: Tangrowth
|-heal|p2a: Tangrowth|82\/100
|move|p1a: Eelektross|U-turn|p2a: Tangrowth
|-supereffective|p2a: Tangrowth
|-damage|p2a: Tangrowth|59\/100
|
|t:|1742874276
|switch|p1a: Volcanion|Volcanion|53\/100|[from] U-turn
|
|upkeep
|turn|35
|
|t:|1742874282
|move|p1a: Volcanion|Overheat|p2a: Tangrowth
|-supereffective|p2a: Tangrowth
|-damage|p2a: Tangrowth|0 fnt
|-unboost|p1a: Volcanion|spa|2
|faint|p2a: Tangrowth
|
|upkeep
|
|t:|1742874285
|switch|p2a: Nihilego|Nihilego|22\/100
|turn|36
|
|t:|1742874290
|switch|p1a: Eelektross|Eelektross, F|3\/100 tox
|move|p2a: Nihilego|Sludge Wave|p1a: Eelektross
|-damage|p1a: Eelektross|0 fnt
|faint|p1a: Eelektross
|-ability|p2a: Nihilego|Beast Boost|boost
|-boost|p2a: Nihilego|spe|1
|
|upkeep
|
|t:|1742874302
|switch|p1a: Rillaboom|Rillaboom, M|65\/100 tox
|-fieldstart|move: Grassy Terrain|[from] ability: Grassy Surge|[of] p1a: Rillaboom
|turn|37
|
|t:|1742874337
|move|p1a: Rillaboom|Grassy Glide|p2a: Nihilego
|-damage|p2a: Nihilego|0 fnt
|faint|p2a: Nihilego
|
|-heal|p1a: Rillaboom|71\/100 tox|[from] Grassy Terrain
|-damage|p1a: Rillaboom|65\/100 tox|[from] psn
|upkeep
|
|t:|1742874341
|switch|p2a: Sneasler|Sneasler, M|100\/100
|turn|38
|
|t:|1742874368
|move|p1a: Rillaboom|Grassy Glide|p2a: Sneasler
|-resisted|p2a: Sneasler
|-damage|p2a: Sneasler|48\/100
|move|p2a: Sneasler|Dire Claw|p1a: Rillaboom
|-supereffective|p1a: Rillaboom
|-damage|p1a: Rillaboom|0 fnt
|faint|p1a: Rillaboom
|
|-heal|p2a: Sneasler|54\/100|[from] Grassy Terrain
|upkeep
|c|☆Crown Oji|o.o
|
|t:|1742874375
|switch|p1a: Volcanion|Volcanion|53\/100
|turn|39
|
|t:|1742874389
|move|p2a: Sneasler|Dire Claw|p1a: Volcanion
|-damage|p1a: Volcanion|16\/100
|move|p1a: Volcanion|Steam Eruption|p2a: Sneasler
|-damage|p2a: Sneasler|0 fnt
|faint|p2a: Sneasler
|
|win|Contranaut
|c|☆Crown Oji|gg
|c|☆Contranaut|gg
|l|☆Crown Oji
|player|p2|
|c|☆Contranaut|dude why does everyone have toxic for drifblim

</script>
</div>
<div class="battle-log battle-log-inline"><div class="inner"><div class="battle-options"></div><div class="inner message-log"><div class="chat"><small>☆Contranaut and ☆Crown Oji joined</small></div><div class=""><small>Format:</small> <br><strong>[Gen 9] NatDex Draft</strong></div><div class=""><small><em>Sleep Clause Mod:</em> Limit one foe put to sleep</small></div><div class=""><small><em>OHKO Clause:</em> OHKO moves are banned</small></div><div class=""><small><em>Evasion Clause:</em> Evasion abilities, items, and moves are banned</small></div><div class=""><small><em>Evasion Abilities Clause:</em> Evasion abilities are banned</small></div><div class=""><small><em>Evasion Items Clause:</em> Evasion items are banned</small></div><div class=""><small><em>Evasion Moves Clause:</em> Evasion moves are banned</small></div><div class=""><small><em>Endless Battle Clause:</em> Forcing endless battles is banned</small></div><div class=""><small><em>HP Percentage Mod:</em> HP is shown in percentages</small></div><div class="chat battle-history"><strong>Contranaut's team:</strong> <em style="color:#445566;display:block;">Cobalion / Lopunny / Eelektross / Rillaboom / Drifblim / Volcanion</em></div><div class="chat battle-history"><strong>Crown Oji's team:</strong> <em style="color:#445566;display:block;">Starmie / Tangrowth / Fletchinder / Tapu Koko / Sneasler / Nihilego</em></div><div class="chat"><small> Bunnnies and  serendipidu joined</small></div><div class="chat chatmessage-bunnnies"><strong style="color:#8a36e4"><small> </small><span class="username" data-name="Bunnnies">Bunnnies</span>:</strong> <em>hey how come we had to deal with all the serene grace mons</em></div><div class="chat chatmessage-bunnnies"><strong style="color:#8a36e4"><small> </small><span class="username" data-name="Bunnnies">Bunnnies</span>:</strong> <em>and ben doesn't</em></div><div class="chat chatmessage-contranaut"><strong style="color:#237f9e"><small>☆</small><span class="username" data-name="Contranaut">Contranaut</span>:</strong> <em>you're right I didn't have to deal with any hax</em></div><div class="chat chatmessage-crownoji"><strong style="color:#bf1d4a"><small>☆</small><span class="username" data-name="Crown Oji">Crown Oji</span>:</strong> <em>i have something far more dastardly prepared</em></div><div class="chat chatmessage-bunnnies"><strong style="color:#8a36e4"><small> </small><span class="username" data-name="Bunnnies">Bunnnies</span>:</strong> <em>idk i felt pretty dastarded last battle</em></div><div class="spacer battle-history"><br></div><div class="battle-history">Battle started between Contranaut and Crown Oji!<br></div><div class="spacer battle-history"><br></div><div class="battle-history">Go! <strong>Lopunny</strong>!<br></div><div class="spacer battle-history"><br></div><div class="battle-history">Crown Oji sent out <strong>Sneasler</strong>!<br></div><div class="spacer battle-history"><br></div><h2 class="battle-history">Turn 1</h2><div class="chat"><small> ksch joined</small></div><div class="spacer battle-history"><br></div><div class="battle-history">Crown Oji withdrew Sneasler!<br></div><div class="battle-history">Crown Oji sent out <strong>Fletchinder</strong>!<br></div><div class="spacer battle-history"><br></div><div class="battle-history">Lopunny, come back!<br></div><div class="battle-history">Go! <strong>Drifblim</strong>!<br></div><div class="spacer battle-history"><br></div><h2 class="battle-history">Turn 2</h2><div class="chat"><small> conundromic joined</small></div><div class="spacer battle-history"><br></div><div class="battle-history">Drifblim, come back!<br></div><div class="battle-history">Go! <strong>Volcanion</strong>!<br></div><div class="spacer battle-history"><br></div><div class="battle-history">The opposing Fletchinder used <strong>U-turn</strong>!<br></div><div class="battle-history"><small>It's not very effective...</small><br></div><div class="battle-history"><small>(Volcanion lost 4% of its health!)</small><br></div><div class="spacer battle-history"><br></div><div class="battle-history">The opposing Fletchinder went back to Crown Oji!<br></div><div class="battle-history">Crown Oji sent out <strong>Nihilego</strong>!<br></div><div class="spacer battle-history"><br></div><h2 class="battle-history">Turn 3</h2><div class="spacer battle-history"><br></div><div class="battle-history">Volcanion, come back!<br></div><div class="battle-history">Go! <strong>Cobalion</strong>!<br></div><div class="spacer battle-history"><br></div><div class="battle-history">The opposing Nihilego used <strong>Thunderbolt</strong>!<br></div><div class="battle-history"><small>(Cobalion lost 36% of its health!)</small><br></div><div class="spacer battle-history"><br></div><h2 class="battle-history">Turn 4</h2><div class="spacer battle-history"><br></div><div class="battle-history">Crown Oji withdrew Nihilego!<br></div><div class="battle-history">Crown Oji sent out <strong>Tangrowth</strong>!<br></div><div class="spacer battle-history"><br></div><div class="battle-history">Cobalion used <strong>Close Combat</strong>!<br></div><div class="battle-history"><small>(The opposing Tangrowth lost 27% of its health!)</small><br></div><div class="battle-history"><small>Cobalion's Defense fell!</small><br></div><div class="battle-history"><small>Cobalion's Sp. Def fell!</small><br></div><div class="battle-history"><small>Cobalion was hurt by the Rocky Helmet!</small><br></div><div class="spacer battle-history"><br></div><h2 class="battle-history">Turn 5</h2><div class="spacer battle-history"><br></div><div class="battle-history">Cobalion, come back!<br></div><div class="battle-history">Go! <strong>Rillaboom</strong>!<br></div><div class="battle-history">[Rillaboom's Grassy Surge]<br><small>Grass grew to cover the battlefield!</small><br></div><div class="spacer battle-history"><br></div><div class="battle-history">The opposing Tangrowth used <strong>Toxic</strong>!<br></div><div class="battle-history"><small>Rillaboom was badly poisoned!</small><br></div><div class="spacer battle-history"><br></div><div class="battle-history"><small>The opposing Tangrowth's HP was restored.</small><br></div><div class="battle-history"><small>Rillaboom was hurt by poison!</small><br></div><div class="spacer battle-history"><br></div><h2 class="battle-history">Turn 6</h2><div class="spacer battle-history"><br></div><div class="battle-history">Rillaboom used <strong>Knock Off</strong>!<br></div><div class="battle-history"><small>(The opposing Tangrowth lost 29% of its health!)</small><br></div><div class="battle-history"><small>Rillaboom was hurt by the Rocky Helmet!</small><br></div><div class="battle-history"><small>Rillaboom knocked off the opposing Tangrowth's Rocky Helmet!</small><br></div><div class="spacer battle-history"><br></div><div class="battle-history">The opposing Tangrowth used <strong>Toxic</strong>!<br></div><div class="battle-history"><small>Rillaboom avoided the attack!</small><br></div><div class="spacer battle-history"><br></div><div class="battle-history"><small>Rillaboom's HP was restored.</small><br></div><div class="battle-history"><small>The opposing Tangrowth's HP was restored.</small><br></div><div class="battle-history"><small>Rillaboom was hurt by poison!</small><br></div><div class="spacer battle-history"><br></div><h2 class="battle-history">Turn 7</h2><div class="spacer battle-history"><br></div><div class="battle-history">Rillaboom, come back!<br></div><div class="battle-history">Go! <strong>Cobalion</strong>!<br></div><div class="spacer battle-history"><br></div><div class="battle-history">The opposing Tangrowth used <strong>Knock Off</strong>!<br></div><div class="battle-history"><small>It's not very effective...</small><br></div><div class="battle-history"><small>(Cobalion lost 9% of its health!)</small><br></div><div class="battle-history">[Cobalion's Justified]<br></div><div class="battle-history"><small>Cobalion's Attack rose!</small><br></div><div class="battle-history"><small>The opposing Tangrowth knocked off Cobalion's Chople Berry!</small><br></div><div class="spacer battle-history"><br></div><div class="battle-history"><small>Cobalion's HP was restored.</small><br></div><div class="battle-history"><small>The opposing Tangrowth's HP was restored.</small><br></div><div class="spacer battle-history"><br></div><h2 class="battle-history">Turn 8</h2><div class="spacer battle-history"><br></div><div class="battle-history">Crown Oji withdrew Tangrowth!<br></div><div class="battle-history">Crown Oji sent out <strong>Fletchinder</strong>!<br></div><div class="spacer battle-history"><br></div><div class="battle-history">Cobalion used <strong>Swords Dance</strong>!<br></div><div class="battle-history"><small>Cobalion's Attack rose sharply!</small><br></div><div class="spacer battle-history"><br></div><div class="battle-history"><small>Cobalion's HP was restored.</small><br></div><div class="spacer battle-history"><br></div><h2 class="battle-history">Turn 9</h2><div class="chat"><small> CDR Cucumber joined</small></div><div class="spacer battle-history"><br></div><div class="battle-history">Cobalion used <strong>Zen Headbutt</strong>!<br></div><div class="battle-history"><small>(The opposing Fletchinder lost 51% of its health!)</small><br></div><div class="spacer battle-history"><br></div><div class="battle-history">The opposing Fletchinder used <strong>Flamethrower</strong>!<br></div><div class="battle-history"><small>It's super effective!</small><br></div><div class="battle-history"><small>A critical hit!</small><br></div><div class="battle-history"><small>(Cobalion lost 51% of its health!)</small><br></div><div class="spacer battle-history"><br></div><div class="battle-history">Cobalion fainted!<br></div><div class="spacer battle-history"><br></div><div class="battle-history"><small>The grass disappeared from the battlefield.</small><br></div><div class="spacer battle-history"><br></div><div class="battle-history">Go! <strong>Volcanion</strong>!<br></div><div class="spacer battle-history"><br></div><h2 class="battle-history">Turn 10</h2><div class="spacer battle-history"><br></div><div class="battle-history">Crown Oji withdrew Fletchinder!<br></div><div class="battle-history">Crown Oji sent out bonbon (<strong>Starmie</strong>)!<br></div><div class="spacer battle-history"><br></div><div class="battle-history">Volcanion used <strong>Steam Eruption</strong>!<br></div><div class="battle-history"><small>It's not very effective...</small><br></div><div class="battle-history"><small>(The opposing bonbon lost 23% of its health!)</small><br></div><div class="spacer battle-history"><br></div><h2 class="battle-history">Turn 11</h2><div class="spacer battle-history"><br></div><div class="battle-history">Volcanion, come back!<br></div><div class="battle-history">Go! <strong>Eelektross</strong>!<br></div><div class="spacer battle-history"><br></div><div class="battle-history">The opposing bonbon used <strong>Thunderbolt</strong>!<br></div><div class="battle-history"><small>It's not very effective...</small><br></div><div class="battle-history"><small>(Eelektross lost 10% of its health!)</small><br></div><div class="spacer battle-history"><br></div><h2 class="battle-history">Turn 12</h2><div class="spacer battle-history"><br></div><div class="battle-history">Crown Oji withdrew bonbon!<br></div><div class="battle-history">Crown Oji sent out <strong>Tapu Koko</strong>!<br></div><div class="battle-history">[The opposing Tapu Koko's Electric Surge]<br><small>An electric current ran across the battlefield!</small><br></div><div class="spacer battle-history"><br></div><div class="battle-history">Eelektross used <strong>Supercell Slam</strong>!<br></div><div class="battle-history"><small>It's not very effective...</small><br></div><div class="battle-history"><small>(The opposing Tapu Koko lost 26% of its health!)</small><br></div><div class="spacer battle-history"><br></div><div class="battle-history"><small>The opposing Tapu Koko restored a little HP using its Leftovers!</small><br></div><div class="spacer battle-history"><br></div><h2 class="battle-history">Turn 13</h2><div class="spacer battle-history"><br></div><div class="battle-history">The opposing Tapu Koko used <strong>Nature's Madness</strong>!<br></div><div class="battle-history"><small>Eelektross avoided the attack!</small><br></div><div class="spacer battle-history"><br></div><div class="battle-history">Eelektross used <strong>U-turn</strong>!<br></div><div class="battle-history"><small>It's not very effective...</small><br></div><div class="battle-history"><small>(The opposing Tapu Koko lost 13% of its health!)</small><br></div><div class="chat"><small> ChillerFrost joined;  CDR Cucumber left</small></div><div class="spacer battle-history"><br></div><div class="battle-history">Eelektross went back to Contranaut!<br></div><div class="battle-history">Go! <strong>Lopunny</strong>!<br></div><div class="spacer battle-history"><br></div><div class="battle-history"><small>The opposing Tapu Koko restored a little HP using its Leftovers!</small><br></div><div class="spacer battle-history"><br></div><h2 class="battle-history">Turn 14</h2><div class="spacer battle-history"><br></div><div class="battle-history">Crown Oji withdrew Tapu Koko!<br></div><div class="battle-history">Crown Oji sent out <strong>Fletchinder</strong>!<br></div><div class="spacer battle-history"><br></div><div class="battle-history"><small>Lopunny's Lopunnite is reacting to the Key Stone!</small><br>Lopunny has Mega Evolved into Mega Lopunny!<br></div><div class="spacer battle-history"><br></div><div class="battle-history">Lopunny used <strong>Power-Up Punch</strong>!<br></div><div class="battle-history"><small>It's not very effective...</small><br></div><div class="battle-history"><small>(The opposing Fletchinder lost 11% of its health!)</small><br></div><div class="battle-history"><small>Lopunny's Attack rose!</small><br></div><div class="battle-history">[The opposing Fletchinder's Flame Body]<br><small>Lopunny was burned!</small><br></div><div class="spacer battle-history"><br></div><div class="battle-history"><small>Lopunny was hurt by its burn!</small><br></div><div class="spacer battle-history"><br></div><h2 class="battle-history">Turn 15</h2><div class="spacer battle-history"><br></div><div class="battle-history">Lopunny used <strong>Return</strong>!<br></div><div class="battle-history"><small>(The opposing Fletchinder lost 37% of its health!)</small><br></div><div class="spacer battle-history"><br></div><div class="battle-history">The opposing Fletchinder used <strong>Roost</strong>!<br></div><div class="battle-history"><small>The opposing Fletchinder had its HP restored.</small><br></div><div class="battle-history"><small>(The opposing Fletchinder loses Flying type this turn.)</small><br></div><div class="spacer battle-history"><br></div><div class="battle-history"><small>Lopunny was hurt by its burn!</small><br></div><div class="spacer battle-history"><br></div><h2 class="battle-history">Turn 16</h2><div class="spacer battle-history"><br></div><div class="battle-history">Lopunny used <strong>Power-Up Punch</strong>!<br></div><div class="battle-history"><small>It's not very effective...</small><br></div><div class="battle-history"><small>(The opposing Fletchinder lost 8% of its health!)</small><br></div><div class="battle-history"><small>Lopunny's Attack rose!</small><br></div><div class="spacer battle-history"><br></div><div class="battle-history">The opposing Fletchinder used <strong>Flamethrower</strong>!<br></div><div class="battle-history"><small>(Lopunny lost 27% of its health!)</small><br></div><div class="spacer battle-history"><br></div><div class="battle-history"><small>Lopunny was hurt by its burn!</small><br></div><div class="battle-history"><small>The electricity disappeared from the battlefield.</small><br></div><div class="spacer battle-history"><br></div><h2 class="battle-history">Turn 17</h2><div class="spacer battle-history"><br></div><div class="battle-history">Lopunny used <strong>Return</strong>!<br></div><div class="battle-history"><small>(The opposing Fletchinder lost 43% of its health!)</small><br></div><div class="spacer battle-history"><br></div><div class="battle-history">The opposing Fletchinder fainted!<br></div><div class="spacer battle-history"><br></div><div class="battle-history"><small>Lopunny was hurt by its burn!</small><br></div><div class="spacer battle-history"><br></div><div class="battle-history">Crown Oji sent out <strong>Sneasler</strong>!<br></div><div class="spacer battle-history"><br></div><h2 class="battle-history">Turn 18</h2><div class="spacer battle-history"><br></div><div class="battle-history">The opposing Sneasler used <strong>Dire Claw</strong>!<br></div><div class="battle-history"><small>(Lopunny lost 50% of its health!)</small><br></div><div class="spacer battle-history"><br></div><div class="battle-history">Lopunny fainted!<br></div><div class="spacer battle-history"><br></div><div class="battle-history">Go! <strong>Volcanion</strong>!<br></div><div class="spacer battle-history"><br></div><h2 class="battle-history">Turn 19</h2><div class="spacer battle-history"><br></div><div class="battle-history">Crown Oji withdrew Sneasler!<br></div><div class="battle-history">Crown Oji sent out bonbon (<strong>Starmie</strong>)!<br></div><div class="spacer battle-history"><br></div><div class="battle-history">Volcanion used <strong>Wild Charge</strong>!<br></div><div class="battle-history"><small>It's super effective!</small><br></div><div class="battle-history"><small>(The opposing bonbon lost 68% of its health!)</small><br></div><div class="battle-history"><small>Volcanion was damaged by the recoil!</small><br></div><div class="spacer battle-history"><br></div><h2 class="battle-history">Turn 20</h2><div class="spacer battle-history"><br></div><div class="battle-history">The opposing bonbon used <strong>Psychic</strong>!<br></div><div class="battle-history"><small>(Volcanion lost 30% of its health!)</small><br></div><div class="spacer battle-history"><br></div><div class="battle-history">Volcanion used <strong>Wild Charge</strong>!<br></div><div class="battle-history"><small>It's super effective!</small><br></div><div class="battle-history"><small>(The opposing bonbon lost 9% of its health!)</small><br></div><div class="spacer battle-history"><br></div><div class="battle-history">The opposing bonbon fainted!<br></div><div class="battle-history"><small>Volcanion was damaged by the recoil!</small><br></div><div class="spacer battle-history"><br></div><div class="battle-history">Crown Oji sent out <strong>Nihilego</strong>!<br></div><div class="spacer battle-history"><br></div><h2 class="battle-history">Turn 21</h2><div class="spacer battle-history"><br></div><div class="battle-history">Volcanion, come back!<br></div><div class="battle-history">Go! <strong>Eelektross</strong>!<br></div><div class="spacer battle-history"><br></div><div class="battle-history">The opposing Nihilego used <strong>Thunderbolt</strong>!<br></div><div class="battle-history"><small>It's not very effective...</small><br></div><div class="battle-history"><small>(Eelektross lost 9% of its health!)</small><br></div><div class="spacer battle-history"><br></div><h2 class="battle-history">Turn 22</h2><div class="spacer battle-history"><br></div><div class="battle-history">Crown Oji withdrew Nihilego!<br></div><div class="battle-history">Crown Oji sent out <strong>Tapu Koko</strong>!<br></div><div class="battle-history">[The opposing Tapu Koko's Electric Surge]<br><small>An electric current ran across the battlefield!</small><br></div><div class="spacer battle-history"><br></div><div class="battle-history">Eelektross used <strong>U-turn</strong>!<br></div><div class="battle-history"><small>It's not very effective...</small><br></div><div class="battle-history"><small>(The opposing Tapu Koko lost 14% of its health!)</small><br></div><div class="spacer battle-history"><br></div><div class="battle-history">Eelektross went back to Contranaut!<br></div><div class="battle-history">Go! <strong>Rillaboom</strong>!<br></div><div class="battle-history">[Rillaboom's Grassy Surge]<br><small>Grass grew to cover the battlefield!</small><br></div><div class="spacer battle-history"><br></div><div class="battle-history"><small>The opposing Tapu Koko's HP was restored.</small><br></div><div class="battle-history"><small>The opposing Tapu Koko restored a little HP using its Leftovers!</small><br></div><div class="battle-history"><small>Rillaboom's HP was restored.</small><br></div><div class="battle-history"><small>Rillaboom was hurt by poison!</small><br></div><div class="spacer battle-history"><br></div><h2 class="battle-history">Turn 23</h2><div class="spacer battle-history"><br></div><div class="battle-history">The opposing Tapu Koko used <strong>Roost</strong>!<br></div><div class="battle-history"><small>The opposing Tapu Koko had its HP restored.</small><br></div><div class="spacer battle-history"><br></div><div class="battle-history">Rillaboom used <strong>U-turn</strong>!<br></div><div class="battle-history"><small>It's not very effective...</small><br></div><div class="battle-history"><small>(The opposing Tapu Koko lost 21% of its health!)</small><br></div><div class="spacer battle-history"><br></div><div class="battle-history">Rillaboom went back to Contranaut!<br></div><div class="battle-history">Go! <strong>Drifblim</strong>!<br></div><div class="battle-history"><small>(Drifblim used its Grassy Seed!)</small><br></div><div class="battle-history"><small>The Grassy Seed raised Drifblim's Defense!</small><br></div><div class="spacer battle-history"><br></div><div class="battle-history"><small>The opposing Tapu Koko's HP was restored.</small><br></div><div class="battle-history"><small>The opposing Tapu Koko restored a little HP using its Leftovers!</small><br></div><div class="spacer battle-history"><br></div><h2 class="battle-history">Turn 24</h2><div class="spacer battle-history"><br></div><div class="battle-history"><small>Drifblim has Terastallized into the Ghost-type!</small><br></div><div class="spacer battle-history"><br></div><div class="battle-history">Drifblim used <strong>Calm Mind</strong>!<br></div><div class="battle-history"><small>Drifblim's Sp. Atk rose!</small><br></div><div class="battle-history"><small>Drifblim's Sp. Def rose!</small><br></div><div class="spacer battle-history"><br></div><div class="battle-history">The opposing Tapu Koko used <strong>Toxic</strong>!<br></div><div class="battle-history"><small>Drifblim was badly poisoned!</small><br></div><div class="spacer battle-history"><br></div><div class="battle-history"><small>The opposing Tapu Koko's HP was restored.</small><br></div><div class="battle-history"><small>The opposing Tapu Koko restored a little HP using its Leftovers!</small><br></div><div class="battle-history"><small>Drifblim was hurt by poison!</small><br></div><div class="spacer battle-history"><br></div><h2 class="battle-history">Turn 25</h2><div class="spacer battle-history"><br></div><div class="battle-history">Drifblim used <strong>Shadow Ball</strong>!<br></div><div class="battle-history"><small>A critical hit!</small><br></div><div class="battle-history"><small>(The opposing Tapu Koko lost 100% of its health!)</small><br></div><div class="spacer battle-history"><br></div><div class="battle-history">The opposing Tapu Koko fainted!<br></div><div class="spacer battle-history"><br></div><div class="battle-history"><small>Drifblim's HP was restored.</small><br></div><div class="battle-history"><small>Drifblim was hurt by poison!</small><br></div><div class="spacer battle-history"><br></div><div class="battle-history">Crown Oji sent out <strong>Nihilego</strong>!<br></div><div class="spacer battle-history"><br></div><h2 class="battle-history">Turn 26</h2><div class="spacer battle-history"><br></div><div class="battle-history">Drifblim used <strong>Shadow Ball</strong>!<br></div><div class="battle-history"><small>(The opposing Nihilego lost 32% of its health!)</small><br></div><div class="spacer battle-history"><br></div><div class="battle-history">The opposing Nihilego used <strong>Thunderbolt</strong>!<br></div><div class="battle-history"><small>(Drifblim lost 25% of its health!)</small><br></div><div class="spacer battle-history"><br></div><div class="battle-history"><small>Drifblim's HP was restored.</small><br></div><div class="battle-history"><small>The opposing Nihilego's HP was restored.</small><br></div><div class="battle-history"><small>Drifblim was hurt by poison!</small><br></div><div class="battle-history"><small>The grass disappeared from the battlefield.</small><br></div><div class="spacer battle-history"><br></div><h2 class="battle-history">Turn 27</h2><div class="spacer battle-history"><br></div><div class="battle-history">Drifblim used <strong>Shadow Ball</strong>!<br></div><div class="battle-history"><small>(The opposing Nihilego lost 31% of its health!)</small><br></div><div class="spacer battle-history"><br></div><div class="battle-history">The opposing Nihilego used <strong>Thunderbolt</strong>!<br></div><div class="battle-history"><small>(Drifblim lost 26% of its health!)</small><br></div><div class="spacer battle-history"><br></div><div class="battle-history"><small>Drifblim was hurt by poison!</small><br></div><div class="spacer battle-history"><br></div><div class="battle-history">Drifblim fainted!<br></div><div class="spacer battle-history"><br></div><div class="battle-history">Go! <strong>Eelektross</strong>!<br></div><div class="spacer battle-history"><br></div><h2 class="battle-history">Turn 28</h2><div class="spacer battle-history"><br></div><div class="battle-history">The opposing Nihilego used <strong>Sludge Wave</strong>!<br></div><div class="battle-history"><small>(Eelektross lost 28% of its health!)</small><br></div><div class="spacer battle-history"><br></div><div class="battle-history">Eelektross used <strong>U-turn</strong>!<br></div><div class="battle-history"><small>It's not very effective...</small><br></div><div class="battle-history"><small>A critical hit!</small><br></div><div class="battle-history"><small>(The opposing Nihilego lost 27% of its health!)</small><br></div><div class="spacer battle-history"><br></div><div class="battle-history">Eelektross went back to Contranaut!<br></div><div class="battle-history">Go! <strong>Rillaboom</strong>!<br></div><div class="battle-history">[Rillaboom's Grassy Surge]<br><small>Grass grew to cover the battlefield!</small><br></div><div class="spacer battle-history"><br></div><div class="battle-history"><small>The opposing Nihilego's HP was restored.</small><br></div><div class="battle-history"><small>Rillaboom's HP was restored.</small><br></div><div class="battle-history"><small>Rillaboom was hurt by poison!</small><br></div><div class="spacer battle-history"><br></div><h2 class="battle-history">Turn 29</h2><div class="spacer battle-history"><br></div><div class="battle-history">Crown Oji withdrew Nihilego!<br></div><div class="battle-history">Crown Oji sent out <strong>Tangrowth</strong>!<br></div><div class="spacer battle-history"><br></div><div class="battle-history">Rillaboom used <strong>Grassy Glide</strong>!<br></div><div class="battle-history"><small>It's not very effective...</small><br></div><div class="battle-history"><small>(The opposing Tangrowth lost 15% of its health!)</small><br></div><div class="spacer battle-history"><br></div><div class="battle-history"><small>Rillaboom's HP was restored.</small><br></div><div class="battle-history"><small>The opposing Tangrowth's HP was restored.</small><br></div><div class="battle-history"><small>Rillaboom was hurt by poison!</small><br></div><div class="spacer battle-history"><br></div><h2 class="battle-history">Turn 30</h2><div class="spacer battle-history"><br></div><div class="battle-history">Rillaboom, come back!<br></div><div class="battle-history">Go! <strong>Eelektross</strong>!<br></div><div class="spacer battle-history"><br></div><div class="battle-history">The opposing Tangrowth used <strong>Knock Off</strong>!<br></div><div class="battle-history"><small>(Eelektross lost 24% of its health!)</small><br></div><div class="battle-history"><small>The opposing Tangrowth knocked off Eelektross's Assault Vest!</small><br></div><div class="spacer battle-history"><br></div><div class="battle-history"><small>The opposing Tangrowth's HP was restored.</small><br></div><div class="spacer battle-history"><br></div><h2 class="battle-history">Turn 31</h2><div class="spacer battle-history"><br></div><div class="battle-history">The opposing Tangrowth used <strong>Morning Sun</strong>!<br></div><div class="battle-history"><small>The opposing Tangrowth had its HP restored.</small><br></div><div class="spacer battle-history"><br></div><div class="battle-history">Eelektross used <strong>Drain Punch</strong>!<br></div><div class="battle-history"><small>(The opposing Tangrowth lost 12% of its health!)</small><br></div><div class="battle-history"><small>The opposing Tangrowth had its energy drained!</small><br></div><div class="spacer battle-history"><br></div><div class="battle-history"><small>The opposing Tangrowth's HP was restored.</small><br></div><div class="spacer battle-history"><br></div><h2 class="battle-history">Turn 32</h2><div class="spacer battle-history"><br></div><div class="battle-history">The opposing Tangrowth used <strong>Toxic</strong>!<br></div><div class="battle-history"><small>Eelektross was badly poisoned!</small><br></div><div class="spacer battle-history"><br></div><div class="battle-history">Eelektross used <strong>U-turn</strong>!<br></div><div class="battle-history"><small>It's super effective!</small><br></div><div class="battle-history"><small>(The opposing Tangrowth lost 24% of its health!)</small><br></div><div class="spacer battle-history"><br></div><div class="battle-history">Eelektross went back to Contranaut!<br></div><div class="battle-history">Go! <strong>Rillaboom</strong>!<br></div><div class="spacer battle-history"><br></div><div class="battle-history"><small>Rillaboom's HP was restored.</small><br></div><div class="battle-history"><small>The opposing Tangrowth's HP was restored.</small><br></div><div class="battle-history"><small>Rillaboom was hurt by poison!</small><br></div><div class="battle-history"><small>The grass disappeared from the battlefield.</small><br></div><div class="spacer battle-history"><br></div><h2 class="battle-history">Turn 33</h2><div class="spacer battle-history"><br></div><div class="battle-history">Rillaboom used <strong>U-turn</strong>!<br></div><div class="battle-history"><small>It's super effective!</small><br></div><div class="battle-history"><small>(The opposing Tangrowth lost 44% of its health!)</small><br></div><div class="spacer battle-history"><br></div><div class="battle-history">Rillaboom went back to Contranaut!<br></div><div class="battle-history">Go! <strong>Eelektross</strong>!<br></div><div class="spacer battle-history"><br></div><div class="battle-history">The opposing Tangrowth used <strong>Knock Off</strong>!<br></div><div class="battle-history"><small>A critical hit!</small><br></div><div class="battle-history"><small>(Eelektross lost 27% of its health!)</small><br></div><div class="spacer battle-history"><br></div><div class="battle-history"><small>Eelektross was hurt by poison!</small><br></div><div class="spacer battle-history"><br></div><h2 class="battle-history">Turn 34</h2><div class="spacer battle-history"><br></div><div class="battle-history">The opposing Tangrowth used <strong>Morning Sun</strong>!<br></div><div class="battle-history"><small>The opposing Tangrowth had its HP restored.</small><br></div><div class="spacer battle-history"><br></div><div class="battle-history">Eelektross used <strong>U-turn</strong>!<br></div><div class="battle-history"><small>It's super effective!</small><br></div><div class="battle-history"><small>(The opposing Tangrowth lost 23% of its health!)</small><br></div><div class="spacer battle-history"><br></div><div class="battle-history">Eelektross went back to Contranaut!<br></div><div class="battle-history">Go! <strong>Volcanion</strong>!<br></div><div class="spacer battle-history"><br></div><h2 class="battle-history">Turn 35</h2><div class="spacer battle-history"><br></div><div class="battle-history">Volcanion used <strong>Overheat</strong>!<br></div><div class="battle-history"><small>It's super effective!</small><br></div><div class="battle-history"><small>(The opposing Tangrowth lost 59% of its health!)</small><br></div><div class="battle-history"><small>Volcanion's Sp. Atk fell harshly!</small><br></div><div class="spacer battle-history"><br></div><div class="battle-history">The opposing Tangrowth fainted!<br></div><div class="spacer battle-history"><br></div><div class="battle-history">Crown Oji sent out <strong>Nihilego</strong>!<br></div><div class="spacer battle-history"><br></div><h2 class="battle-history">Turn 36</h2><div class="spacer battle-history"><br></div><div class="battle-history">Volcanion, come back!<br></div><div class="battle-history">Go! <strong>Eelektross</strong>!<br></div><div class="spacer battle-history"><br></div><div class="battle-history">The opposing Nihilego used <strong>Sludge Wave</strong>!<br></div><div class="battle-history"><small>(Eelektross lost 3% of its health!)</small><br></div><div class="spacer battle-history"><br></div><div class="battle-history">Eelektross fainted!<br></div><div class="battle-history">[The opposing Nihilego's Beast Boost]<br></div><div class="battle-history"><small>The opposing Nihilego's Speed rose!</small><br></div><div class="spacer battle-history"><br></div><div class="battle-history">Go! <strong>Rillaboom</strong>!<br></div><div class="battle-history">[Rillaboom's Grassy Surge]<br><small>Grass grew to cover the battlefield!</small><br></div><div class="spacer battle-history"><br></div><h2 class="battle-history">Turn 37</h2><div class="spacer battle-history"><br></div><div class="battle-history">Rillaboom used <strong>Grassy Glide</strong>!<br></div><div class="battle-history"><small>(The opposing Nihilego lost 22% of its health!)</small><br></div><div class="spacer battle-history"><br></div><div class="battle-history">The opposing Nihilego fainted!<br></div><div class="spacer battle-history"><br></div><div class="battle-history"><small>Rillaboom's HP was restored.</small><br></div><div class="battle-history"><small>Rillaboom was hurt by poison!</small><br></div><div class="spacer battle-history"><br></div><div class="battle-history">Crown Oji sent out <strong>Sneasler</strong>!<br></div><div class="spacer battle-history"><br></div><h2 class="battle-history">Turn 38</h2><div class="spacer battle-history"><br></div><div class="battle-history">Rillaboom used <strong>Grassy Glide</strong>!<br></div><div class="battle-history"><small>It's not very effective...</small><br></div><div class="battle-history"><small>(The opposing Sneasler lost 52% of its health!)</small><br></div><div class="spacer battle-history"><br></div><div class="battle-history">The opposing Sneasler used <strong>Dire Claw</strong>!<br></div><div class="battle-history"><small>It's super effective!</small><br></div><div class="battle-history"><small>(Rillaboom lost 65% of its health!)</small><br></div><div class="spacer battle-history"><br></div><div class="battle-history">Rillaboom fainted!<br></div><div class="spacer battle-history"><br></div><div class="battle-history"><small>The opposing Sneasler's HP was restored.</small><br></div><div class="chat chatmessage-crownoji"><strong style="color:#bf1d4a"><small>☆</small><span class="username" data-name="Crown Oji">Crown Oji</span>:</strong> <em>o.o</em></div><div class="spacer battle-history"><br></div><div class="battle-history">Go! <strong>Volcanion</strong>!<br></div><div class="spacer battle-history"><br></div><h2 class="battle-history">Turn 39</h2><div class="spacer battle-history"><br></div><div class="battle-history">The opposing Sneasler used <strong>Dire Claw</strong>!<br></div><div class="battle-history"><small>(Volcanion lost 37% of its health!)</small><br></div><div class="spacer battle-history"><br></div><div class="battle-history">Volcanion used <strong>Steam Eruption</strong>!<br></div><div class="battle-history"><small>(The opposing Sneasler lost 54% of its health!)</small><br></div><div class="spacer battle-history"><br></div><div class="battle-history">The opposing Sneasler fainted!<br></div><div class="spacer battle-history"><br></div><div class="battle-history"><strong>Contranaut</strong> won the battle!<br></div><div class="chat chatmessage-crownoji"><strong style="color:#bf1d4a"><small>☆</small><span class="username" data-name="Crown Oji">Crown Oji</span>:</strong> <em>gg</em></div><div class="chat chatmessage-contranaut"><strong style="color:#237f9e"><small>☆</small><span class="username" data-name="Contranaut">Contranaut</span>:</strong> <em>gg</em></div><div class="chat"><small>☆Crown Oji left</small></div><div class="chat chatmessage-contranaut"><strong style="color:#237f9e"><small>☆</small><span class="username" data-name="Contranaut">Contranaut</span>:</strong> <em>dude why does everyone have toxic for drifblim</em></div></div><div class="inner-preempt message-log"></div></div></div>
</div>
<script>
let daily = Math.floor(Date.now()/1000/60/60/24);document.write('<script src="https://play.pokemonshowdown.com/js/replay-embed.js?version'+daily+'"></'+'script>');
</script>
