<!DOCTYPE html>
<meta charset="utf-8" />
<!-- version 1 -->
<title>[Gen 9] NatDex Draft replay: ChillerFrost vs. Ultair</title>
<style>
html,body {font-family:Verdana, sans-serif;font-size:10pt;margin:0;padding:0;}body{padding:12px 0;} .battle-log {font-family:Verdana, sans-serif;font-size:10pt;} .battle-log-inline {border:1px solid #AAAAAA;background:#EEF2F5;color:black;max-width:640px;margin:0 auto 80px;padding-bottom:5px;} .battle-log .inner {padding:4px 8px 0px 8px;} .battle-log .inner-preempt {padding:0 8px 4px 8px;} .battle-log .inner-after {margin-top:0.5em;} .battle-log h2 {margin:0.5em -8px;padding:4px 8px;border:1px solid #AAAAAA;background:#E0E7EA;border-left:0;border-right:0;font-family:Verdana, sans-serif;font-size:13pt;} .battle-log .chat {vertical-align:middle;padding:3px 0 3px 0;font-size:8pt;} .battle-log .chat strong {color:#40576A;} .battle-log .chat em {padding:1px 4px 1px 3px;color:#000000;font-style:normal;} .chat.mine {background:rgba(0,0,0,0.05);margin-left:-8px;margin-right:-8px;padding-left:8px;padding-right:8px;} .spoiler {color:#BBBBBB;background:#BBBBBB;padding:0px 3px;} .spoiler:hover, .spoiler:active, .spoiler-shown {color:#000000;background:#E2E2E2;padding:0px 3px;} .spoiler a {color:#BBBBBB;} .spoiler:hover a, .spoiler:active a, .spoiler-shown a {color:#2288CC;} .chat code, .chat .spoiler:hover code, .chat .spoiler:active code, .chat .spoiler-shown code {border:1px solid #C0C0C0;background:#EEEEEE;color:black;padding:0 2px;} .chat .spoiler code {border:1px solid #CCCCCC;background:#CCCCCC;color:#CCCCCC;} .battle-log .rated {padding:3px 4px;} .battle-log .rated strong {color:white;background:#89A;padding:1px 4px;border-radius:4px;} .spacer {margin-top:0.5em;} .message-announce {background:#6688AA;color:white;padding:1px 4px 2px;} .message-announce a, .broadcast-green a, .broadcast-blue a, .broadcast-red a {color:#DDEEFF;} .broadcast-green {background-color:#559955;color:white;padding:2px 4px;} .broadcast-blue {background-color:#6688AA;color:white;padding:2px 4px;} .infobox {border:1px solid #6688AA;padding:2px 4px;} .infobox-limited {max-height:200px;overflow:auto;overflow-x:hidden;} .broadcast-red {background-color:#AA5544;color:white;padding:2px 4px;} .message-learn-canlearn {font-weight:bold;color:#228822;text-decoration:underline;} .message-learn-cannotlearn {font-weight:bold;color:#CC2222;text-decoration:underline;} .message-effect-weak {font-weight:bold;color:#CC2222;} .message-effect-resist {font-weight:bold;color:#6688AA;} .message-effect-immune {font-weight:bold;color:#666666;} .message-learn-list {margin-top:0;margin-bottom:0;} .message-throttle-notice, .message-error {color:#992222;} .message-overflow, .chat small.message-overflow {font-size:0pt;} .message-overflow::before {font-size:9pt;content:'...';} .subtle {color:#3A4A66;}
</style>
<div class="wrapper replay-wrapper" style="max-width:1180px;margin:0 auto">
<input type="hidden" name="replayid" value="gen9natdexdraft-2328067915" />
<div class="battle"></div><div class="battle-log"></div><div class="replay-controls"></div><div class="replay-controls-2"></div>
<h1 style="font-weight:normal;text-align:center"><strong>[Gen 9] NatDex Draft</strong><br /><a href="http://pokemonshowdown.com/users/chillerfrost" class="subtle" target="_blank">ChillerFrost</a> vs. <a href="http://pokemonshowdown.com/users/ultair" class="subtle" target="_blank">Ultair</a></h1>
<script type="text/plain" class="battle-log-data">|j|☆ChillerFrost

|j|☆Ultair
|t:|1742956327
|gametype|singles
|player|p1|ChillerFrost|cynthia|
|player|p2|Ultair|ryuki|
|teamsize|p1|6
|teamsize|p2|6
|gen|9
|tier|[Gen 9] NatDex Draft
|rule|Sleep Clause Mod: Limit one foe put to sleep
|rule|OHKO Clause: OHKO moves are banned
|rule|Evasion Clause: Evasion abilities, items, and moves are banned
|rule|Evasion Abilities Clause: Evasion abilities are banned
|rule|Evasion Items Clause: Evasion items are banned
|rule|Evasion Moves Clause: Evasion moves are banned
|rule|Endless Battle Clause: Forcing endless battles is banned
|rule|HP Percentage Mod: HP is shown in percentages
|clearpoke
|poke|p1|Alomomola, M|
|poke|p1|Tornadus-Therian, M|
|poke|p1|Latios, M|
|poke|p1|Comfey, F|
|poke|p1|Iron Treads|
|poke|p1|Urshifu-*, F|
|poke|p2|Slowbro, F|
|poke|p2|Thundurus-Therian, M|
|poke|p2|Gholdengo|
|poke|p2|Ogerpon-Hearthflame, F|
|poke|p2|Diancie|
|poke|p2|Roaring Moon|
|teampreview
|inactive|Battle timer is ON: inactive players will automatically lose when time's up. (requested by ChillerFrost)
|inactive|Time left: 300 sec this turn | 300 sec total | 60 sec grace
|inactiveoff|Battle timer is now OFF.
|j| conundromic
|j| Phantom0rion
|j| Bunnnies
|l| conundromic
|j| conundromic
|j| ksch
|
|t:|1742956442
|start
|switch|p1a: Iron Treads|Iron Treads|321\/321
|switch|p2a: Thundurus|Thundurus-Therian, M|100\/100
|-enditem|p1a: Iron Treads|Booster Energy
|-activate|p1a: Iron Treads|ability: Quark Drive|[fromitem]
|-start|p1a: Iron Treads|quarkdrivespe
|turn|1
|
|t:|1742956471
|-end|p1a: Iron Treads|Quark Drive|[silent]
|switch|p1a: Latios|Latios, M|301\/301
|switch|p2a: Slowbro|Slowbro, F|100\/100
|
|upkeep
|turn|2
|
|t:|1742956498
|switch|p1a: Alomomola|Alomomola, M|534\/534
|switch|p2a: Diancie|Diancie|100\/100
|
|upkeep
|turn|3
|
|t:|1742956570
|switch|p2a: Gholdengo|Gholdengo|100\/100
|switch|p1a: Iron Treads|Iron Treads|321\/321
|
|upkeep
|turn|4
|
|t:|1742956604
|move|p1a: Iron Treads|Earthquake|p2a: Gholdengo
|-supereffective|p2a: Gholdengo
|-damage|p2a: Gholdengo|10\/100
|move|p2a: Gholdengo|Focus Blast|p1a: Iron Treads
|-supereffective|p1a: Iron Treads
|-damage|p1a: Iron Treads|0 fnt
|faint|p1a: Iron Treads
|-end|p1a: Iron Treads|Quark Drive|[silent]
|
|-heal|p2a: Gholdengo|17\/100|[from] item: Leftovers
|upkeep
|
|t:|1742956618
|switch|p1a: Tornadus|Tornadus-Therian, M|360\/360
|turn|5
|
|t:|1742956634
|switch|p2a: Thundurus|Thundurus-Therian, M|100\/100
|move|p1a: Tornadus|Knock Off|p2a: Thundurus
|-damage|p2a: Thundurus|66\/100
|-enditem|p2a: Thundurus|Heavy-Duty Boots|[from] move: Knock Off|[of] p1a: Tornadus
|
|upkeep
|turn|6
|
|t:|1742956644
|move|p1a: Tornadus|U-turn|p2a: Thundurus
|-resisted|p2a: Thundurus
|-damage|p2a: Thundurus|53\/100
|
|t:|1742956647
|switch|p1a: Latios|Latios, M|301\/301|[from] U-turn
|move|p2a: Thundurus|Knock Off|p1a: Latios
|-supereffective|p1a: Latios
|-damage|p1a: Latios|119\/301
|-enditem|p1a: Latios|Choice Scarf|[from] move: Knock Off|[of] p2a: Thundurus
|
|upkeep
|turn|7
|
|t:|1742956663
|switch|p2a: Diancie|Diancie|100\/100
|move|p1a: Latios|Luster Purge|p2a: Diancie
|-crit|p2a: Diancie
|-damage|p2a: Diancie|39\/100
|
|-heal|p2a: Diancie|45\/100|[from] item: Leftovers
|upkeep
|turn|8
|c|☆Ultair|:(
|j| Crown Oji
|
|t:|1742956705
|switch|p1a: Comfey|Comfey, F, shiny|306\/306
|-terastallize|p2a: Diancie|Water
|move|p2a: Diancie|Stealth Rock|p1a: Comfey
|-sidestart|p1: ChillerFrost|move: Stealth Rock
|
|-heal|p2a: Diancie|51\/100|[from] item: Leftovers
|upkeep
|turn|9
|j| elementalassasin
|
|t:|1742956795
|move|p1a: Comfey|Calm Mind|p1a: Comfey
|-boost|p1a: Comfey|spa|1
|-boost|p1a: Comfey|spd|1
|move|p2a: Diancie|Diamond Storm|p1a: Comfey
|-damage|p1a: Comfey|180\/306
|-boost|p2a: Diancie|def|2
|
|-heal|p2a: Diancie|57\/100|[from] item: Leftovers
|upkeep
|turn|10
|
|t:|1742956806
|move|p1a: Comfey|Giga Drain|p2a: Diancie
|-supereffective|p2a: Diancie
|-damage|p2a: Diancie|0 fnt
|-heal|p1a: Comfey|266\/306|[from] drain|[of] p2a: Diancie
|faint|p2a: Diancie
|-damage|p1a: Comfey|236\/306|[from] item: Life Orb
|
|upkeep
|
|t:|1742956820
|switch|p2a: Ogerpon|Ogerpon-Hearthflame, F|100\/100
|-ability|p2a: Ogerpon|Mold Breaker
|turn|11
|
|t:|1742956832
|-terastallize|p1a: Comfey|Fire
|move|p2a: Ogerpon|Ivy Cudgel|p1a: Comfey|[anim] Ivy Cudgel Fire
|-resisted|p1a: Comfey
|-damage|p1a: Comfey|129\/306
|move|p1a: Comfey|Tera Blast|p2a: Ogerpon|[anim] Tera Blast Fire
|-damage|p2a: Ogerpon|20\/100
|-damage|p1a: Comfey|99\/306|[from] item: Life Orb
|
|upkeep
|turn|12
|
|t:|1742956841
|move|p1a: Comfey|Draining Kiss|p2a: Ogerpon
|-resisted|p2a: Ogerpon
|-damage|p2a: Ogerpon|0 fnt
|-heal|p1a: Comfey|143\/306|[from] drain|[of] p2a: Ogerpon
|faint|p2a: Ogerpon
|-damage|p1a: Comfey|113\/306|[from] item: Life Orb
|
|upkeep
|
|t:|1742956845
|switch|p2a: Roaring Moon|Roaring Moon|100\/100
|turn|13
|
|t:|1742956850
|move|p1a: Comfey|Draining Kiss|p2a: Roaring Moon
|-supereffective|p2a: Roaring Moon
|-damage|p2a: Roaring Moon|0 fnt
|-heal|p1a: Comfey|306\/306|[from] drain|[of] p2a: Roaring Moon
|faint|p2a: Roaring Moon
|-end|p2a: Roaring Moon|Protosynthesis|[silent]
|-damage|p1a: Comfey|276\/306|[from] item: Life Orb
|
|upkeep
|
|t:|1742956855
|switch|p2a: Gholdengo|Gholdengo|17\/100
|turn|14
|
|t:|1742956860
|move|p1a: Comfey|Draining Kiss|p2a: Gholdengo
|-resisted|p2a: Gholdengo
|-damage|p2a: Gholdengo|0 fnt
|-heal|p1a: Comfey|306\/306|[from] drain|[of] p2a: Gholdengo
|faint|p2a: Gholdengo
|-damage|p1a: Comfey|276\/306|[from] item: Life Orb
|
|upkeep
|c|☆Ultair|did not know what that ability did
|c|☆Ultair|the more you know
|
|t:|1742956904
|switch|p2a: Slowbro|Slowbro, F|100\/100
|turn|15
|c|☆ChillerFrost|yeah its super strong
|
|t:|1742956915
|move|p1a: Comfey|Giga Drain|p2a: Slowbro
|-supereffective|p2a: Slowbro
|-damage|p2a: Slowbro|20\/100
|-heal|p1a: Comfey|306\/306|[from] drain|[of] p2a: Slowbro
|-damage|p1a: Comfey|276\/306|[from] item: Life Orb
|move|p2a: Slowbro|Toxic|p1a: Comfey
|-status|p1a: Comfey|tox
|
|-damage|p1a: Comfey|257\/306 tox|[from] psn
|upkeep
|turn|16
|
|t:|1742956922
|switch|p2a: Thundurus|Thundurus-Therian, M|53\/100
|move|p1a: Comfey|Giga Drain|p2a: Thundurus
|-resisted|p2a: Thundurus
|-damage|p2a: Thundurus|27\/100
|-heal|p1a: Comfey|296\/306 tox|[from] drain|[of] p2a: Thundurus
|-damage|p1a: Comfey|266\/306 tox|[from] item: Life Orb
|
|-damage|p1a: Comfey|228\/306 tox|[from] psn
|upkeep
|turn|17
|
|t:|1742956925
|move|p1a: Comfey|Draining Kiss|p2a: Thundurus
|-crit|p2a: Thundurus
|-damage|p2a: Thundurus|0 fnt
|-heal|p1a: Comfey|287\/306 tox|[from] drain|[of] p2a: Thundurus
|faint|p2a: Thundurus
|-damage|p1a: Comfey|257\/306 tox|[from] item: Life Orb
|
|-damage|p1a: Comfey|200\/306 tox|[from] psn
|upkeep
|
|t:|1742956928
|switch|p2a: Slowbro|Slowbro, F|53\/100
|turn|18
|
|t:|1742956931
|move|p1a: Comfey|Giga Drain|p2a: Slowbro
|-supereffective|p2a: Slowbro
|-damage|p2a: Slowbro|0 fnt
|-heal|p1a: Comfey|304\/306 tox|[from] drain|[of] p2a: Slowbro
|faint|p2a: Slowbro
|-damage|p1a: Comfey|274\/306 tox|[from] item: Life Orb
|
|win|ChillerFrost
|c|☆Ultair|ggs
|c|☆ChillerFrost|ggs!
|l| ksch
|l| elementalassasin
|c|☆Ultair|gluck in playoffs thanks for a great season as always
|c|☆ChillerFrost|ty hope you had fun this season!
|l| Bunnnies
|l| conundromic
|c|☆Ultair|Yeah coulda had a couple wins but got unlucky
|c|☆ChillerFrost|diancie scared me so much
|c|☆Ultair|Next season when the new meags are out ???
|c|☆ChillerFrost|potentially
|c|☆Ultair|yea I loved diancie
|c|☆ChillerFrost|it depends on when its released
|c|☆Ultair|0_0
|l| Crown Oji
|c|☆ChillerFrost|I mean I have the timeline sorta planned tbh
|c|☆Ultair|They look fun so far if the leaks are right going to have like 30
|c|☆ChillerFrost|i stayed away from the leaks
|c|☆Ultair|have you seen any?
|c|☆ChillerFrost|i actually have the premier leaking twitter account muted
|c|☆Ultair|It just popped up for me on youtube
|c|☆ChillerFrost|i like going into the new games blind until i beat the game
|c|☆Ultair|true
|c|☆ChillerFrost|i saw the number and type distribution from a reddit headline
|c|☆Ultair|I saw like two or three suspected mons
|c|☆Ultair|got me hype lol
|c|☆ChillerFrost|I was thinking about it earlier
|c|☆ChillerFrost|Imagine a Mega Hippowdon
|c|☆Ultair|sand force
|c|☆Ultair|sand veil XD
|c|☆ChillerFrost|lmaooo
|c|☆ChillerFrost|anyway was fun thanks for playing now instead of after the docta\/muney battle
|c|☆ChillerFrost|that thing is still going on
|c|☆Ultair|yea np cya
|l|☆Ultair</script>
</div>
<div class="battle-log battle-log-inline"><div class="inner"><div class="battle-options"><div style="padding-top: 3px; padding-right: 3px; text-align: right"><button class="icon button" name="openBattleOptions" title="Options">Battle Options</button></div></div><div class="inner message-log"><div class="chat"><small>☆ChillerFrost and ☆Ultair joined</small></div><div class=""><small>Format:</small> <br><strong>[Gen 9] NatDex Draft</strong></div><div class=""><small><em>Sleep Clause Mod:</em> Limit one foe put to sleep</small></div><div class=""><small><em>OHKO Clause:</em> OHKO moves are banned</small></div><div class=""><small><em>Evasion Clause:</em> Evasion abilities, items, and moves are banned</small></div><div class=""><small><em>Evasion Abilities Clause:</em> Evasion abilities are banned</small></div><div class=""><small><em>Evasion Items Clause:</em> Evasion items are banned</small></div><div class=""><small><em>Evasion Moves Clause:</em> Evasion moves are banned</small></div><div class=""><small><em>Endless Battle Clause:</em> Forcing endless battles is banned</small></div><div class=""><small><em>HP Percentage Mod:</em> HP is shown in percentages</small></div><div class="chat battle-history"><strong>ChillerFrost's team:</strong> <em style="color:#445566;display:block;">Alomomola / Tornadus-Therian / Latios / Comfey / Iron Treads / Urshifu-*</em></div><div class="chat battle-history"><strong>Ultair's team:</strong> <em style="color:#445566;display:block;">Slowbro / Thundurus-Therian / Gholdengo / Ogerpon-Hearthflame / Diancie / Roaring Moon</em></div><div class="chat message-error">Battle timer is ON: inactive players will automatically lose when time's up. (requested by ChillerFrost)</div><div class="chat message-error">Battle timer is now OFF.</div><div class="chat"><small> conundromic,  Phantom0rion,  Bunnnies, and  ksch joined</small></div><div class="spacer battle-history"><br></div><div class="battle-history">Battle started between ChillerFrost and Ultair!<br></div><div class="spacer battle-history"><br></div><div class="battle-history">Go! <strong>Iron Treads</strong>!<br></div><div class="spacer battle-history"><br></div><div class="battle-history">Ultair sent out Thundurus (<strong>Thundurus-Therian</strong>)!<br></div><div class="battle-history"><small>(Iron Treads used its Booster Energy!)</small><br></div><div class="battle-history">[Iron Treads's Quark Drive]<br><small>Iron Treads used its Booster Energy to activate its Quark Drive!</small><br></div><div class="battle-history"><small>Iron Treads's Speed was heightened!</small><br></div><div class="spacer battle-history"><br></div><h2 class="battle-history">Turn 1</h2><div class="spacer battle-history"><br></div><div class="battle-history">Iron Treads, come back!<br></div><div class="battle-history">Go! <strong>Latios</strong>!<br></div><div class="spacer battle-history"><br></div><div class="battle-history">Ultair withdrew Thundurus!<br></div><div class="battle-history">Ultair sent out <strong>Slowbro</strong>!<br></div><div class="spacer battle-history"><br></div><h2 class="battle-history">Turn 2</h2><div class="spacer battle-history"><br></div><div class="battle-history">Latios, come back!<br></div><div class="battle-history">Go! <strong>Alomomola</strong>!<br></div><div class="spacer battle-history"><br></div><div class="battle-history">Ultair withdrew Slowbro!<br></div><div class="battle-history">Ultair sent out <strong>Diancie</strong>!<br></div><div class="spacer battle-history"><br></div><h2 class="battle-history">Turn 3</h2><div class="spacer battle-history"><br></div><div class="battle-history">Ultair withdrew Diancie!<br></div><div class="battle-history">Ultair sent out <strong>Gholdengo</strong>!<br></div><div class="spacer battle-history"><br></div><div class="battle-history">Alomomola, come back!<br></div><div class="battle-history">Go! <strong>Iron Treads</strong>!<br></div><div class="spacer battle-history"><br></div><h2 class="battle-history">Turn 4</h2><div class="spacer battle-history"><br></div><div class="battle-history">Iron Treads used <strong>Earthquake</strong>!<br></div><div class="battle-history"><small>It's super effective!</small><br></div><div class="battle-history"><small>(The opposing Gholdengo lost 90% of its health!)</small><br></div><div class="spacer battle-history"><br></div><div class="battle-history">The opposing Gholdengo used <strong>Focus Blast</strong>!<br></div><div class="battle-history"><small>It's super effective!</small><br></div><div class="battle-history"><small>(Iron Treads lost <abbr title="−321/321">100%</abbr> of its health!)</small><br></div><div class="spacer battle-history"><br></div><div class="battle-history">Iron Treads fainted!<br></div><div class="spacer battle-history"><br></div><div class="battle-history"><small>The opposing Gholdengo restored a little HP using its Leftovers!</small><br></div><div class="spacer battle-history"><br></div><div class="battle-history">Go! Tornadus (<strong>Tornadus-Therian</strong>)!<br></div><div class="spacer battle-history"><br></div><h2 class="battle-history">Turn 5</h2><div class="spacer battle-history"><br></div><div class="battle-history">Ultair withdrew Gholdengo!<br></div><div class="battle-history">Ultair sent out Thundurus (<strong>Thundurus-Therian</strong>)!<br></div><div class="spacer battle-history"><br></div><div class="battle-history">Tornadus used <strong>Knock Off</strong>!<br></div><div class="battle-history"><small>(The opposing Thundurus lost 34% of its health!)</small><br></div><div class="battle-history"><small>Tornadus knocked off the opposing Thundurus's Heavy-Duty Boots!</small><br></div><div class="spacer battle-history"><br></div><h2 class="battle-history">Turn 6</h2><div class="spacer battle-history"><br></div><div class="battle-history">Tornadus used <strong>U-turn</strong>!<br></div><div class="battle-history"><small>It's not very effective...</small><br></div><div class="battle-history"><small>(The opposing Thundurus lost 13% of its health!)</small><br></div><div class="spacer battle-history"><br></div><div class="battle-history">Tornadus went back to ChillerFrost!<br></div><div class="battle-history">Go! <strong>Latios</strong>!<br></div><div class="spacer battle-history"><br></div><div class="battle-history">The opposing Thundurus used <strong>Knock Off</strong>!<br></div><div class="battle-history"><small>It's super effective!</small><br></div><div class="battle-history"><small>(Latios lost <abbr title="−182/301">60.5%</abbr> of its health!)</small><br></div><div class="battle-history"><small>The opposing Thundurus knocked off Latios's Choice Scarf!</small><br></div><div class="spacer battle-history"><br></div><h2 class="battle-history">Turn 7</h2><div class="spacer battle-history"><br></div><div class="battle-history">Ultair withdrew Thundurus!<br></div><div class="battle-history">Ultair sent out <strong>Diancie</strong>!<br></div><div class="spacer battle-history"><br></div><div class="battle-history">Latios used <strong>Luster Purge</strong>!<br></div><div class="battle-history"><small>A critical hit!</small><br></div><div class="battle-history"><small>(The opposing Diancie lost 61% of its health!)</small><br></div><div class="spacer battle-history"><br></div><div class="battle-history"><small>The opposing Diancie restored a little HP using its Leftovers!</small><br></div><div class="spacer battle-history"><br></div><h2 class="battle-history">Turn 8</h2><div class="chat chatmessage-ultair"><strong style="color:#3a9240"><small>☆</small><span class="username" data-name="Ultair">Ultair</span>:</strong> <em>:(</em></div><div class="chat"><small> Crown Oji joined</small></div><div class="spacer battle-history"><br></div><div class="battle-history">Latios, come back!<br></div><div class="battle-history">Go! <strong>Comfey</strong>!<br></div><div class="spacer battle-history"><br></div><div class="battle-history"><small>The opposing Diancie has Terastallized into the Water-type!</small><br></div><div class="spacer battle-history"><br></div><div class="battle-history">The opposing Diancie used <strong>Stealth Rock</strong>!<br></div><div class="battle-history"><small>Pointed stones float in the air around your team!</small><br></div><div class="spacer battle-history"><br></div><div class="battle-history"><small>The opposing Diancie restored a little HP using its Leftovers!</small><br></div><div class="spacer battle-history"><br></div><h2 class="battle-history">Turn 9</h2><div class="chat"><small> elementalassasin joined</small></div><div class="spacer battle-history"><br></div><div class="battle-history">Comfey used <strong>Calm Mind</strong>!<br></div><div class="battle-history"><small>Comfey's Sp. Atk rose!</small><br></div><div class="battle-history"><small>Comfey's Sp. Def rose!</small><br></div><div class="spacer battle-history"><br></div><div class="battle-history">The opposing Diancie used <strong>Diamond Storm</strong>!<br></div><div class="battle-history"><small>(Comfey lost <abbr title="−126/306">41.2%</abbr> of its health!)</small><br></div><div class="battle-history"><small>The opposing Diancie's Defense rose sharply!</small><br></div><div class="spacer battle-history"><br></div><div class="battle-history"><small>The opposing Diancie restored a little HP using its Leftovers!</small><br></div><div class="spacer battle-history"><br></div><h2 class="battle-history">Turn 10</h2><div class="spacer battle-history"><br></div><div class="battle-history">Comfey used <strong>Giga Drain</strong>!<br></div><div class="battle-history"><small>It's super effective!</small><br></div><div class="battle-history"><small>(The opposing Diancie lost 57% of its health!)</small><br></div><div class="battle-history"><small>The opposing Diancie had its energy drained!</small><br></div><div class="spacer battle-history"><br></div><div class="battle-history">The opposing Diancie fainted!<br></div><div class="battle-history"><small>Comfey lost some of its HP!</small><br></div><div class="spacer battle-history"><br></div><div class="battle-history">Ultair sent out Ogerpon (<strong>Ogerpon-Hearthflame</strong>)!<br></div><div class="battle-history">[The opposing Ogerpon's Mold Breaker]<br><small>The opposing Ogerpon breaks the mold!</small><br></div><div class="spacer battle-history"><br></div><h2 class="battle-history">Turn 11</h2><div class="spacer battle-history"><br></div><div class="battle-history"><small>Comfey has Terastallized into the Fire-type!</small><br></div><div class="spacer battle-history"><br></div><div class="battle-history">The opposing Ogerpon used <strong>Ivy Cudgel</strong>!<br></div><div class="battle-history"><small>It's not very effective...</small><br></div><div class="battle-history"><small>(Comfey lost <abbr title="−107/306">35.0%</abbr> of its health!)</small><br></div><div class="spacer battle-history"><br></div><div class="battle-history">Comfey used <strong>Tera Blast</strong>!<br></div><div class="battle-history"><small>(The opposing Ogerpon lost 80% of its health!)</small><br></div><div class="battle-history"><small>Comfey lost some of its HP!</small><br></div><div class="spacer battle-history"><br></div><h2 class="battle-history">Turn 12</h2><div class="spacer battle-history"><br></div><div class="battle-history">Comfey used <strong>Draining Kiss</strong>!<br></div><div class="battle-history"><small>It's not very effective...</small><br></div><div class="battle-history"><small>(The opposing Ogerpon lost 20% of its health!)</small><br></div><div class="battle-history"><small>The opposing Ogerpon had its energy drained!</small><br></div><div class="spacer battle-history"><br></div><div class="battle-history">The opposing Ogerpon fainted!<br></div><div class="battle-history"><small>Comfey lost some of its HP!</small><br></div><div class="spacer battle-history"><br></div><div class="battle-history">Ultair sent out <strong>Roaring Moon</strong>!<br></div><div class="spacer battle-history"><br></div><h2 class="battle-history">Turn 13</h2><div class="spacer battle-history"><br></div><div class="battle-history">Comfey used <strong>Draining Kiss</strong>!<br></div><div class="battle-history"><small>It's super effective!</small><br></div><div class="battle-history"><small>(The opposing Roaring Moon lost 100% of its health!)</small><br></div><div class="battle-history"><small>The opposing Roaring Moon had its energy drained!</small><br></div><div class="spacer battle-history"><br></div><div class="battle-history">The opposing Roaring Moon fainted!<br></div><div class="battle-history"><small>Comfey lost some of its HP!</small><br></div><div class="spacer battle-history"><br></div><div class="battle-history">Ultair sent out <strong>Gholdengo</strong>!<br></div><div class="spacer battle-history"><br></div><h2 class="battle-history">Turn 14</h2><div class="spacer battle-history"><br></div><div class="battle-history">Comfey used <strong>Draining Kiss</strong>!<br></div><div class="battle-history"><small>It's not very effective...</small><br></div><div class="battle-history"><small>(The opposing Gholdengo lost 17% of its health!)</small><br></div><div class="battle-history"><small>The opposing Gholdengo had its energy drained!</small><br></div><div class="spacer battle-history"><br></div><div class="battle-history">The opposing Gholdengo fainted!<br></div><div class="battle-history"><small>Comfey lost some of its HP!</small><br></div><div class="chat chatmessage-ultair"><strong style="color:#3a9240"><small>☆</small><span class="username" data-name="Ultair">Ultair</span>:</strong> <em>did not know what that ability did</em></div><div class="chat chatmessage-ultair"><strong style="color:#3a9240"><small>☆</small><span class="username" data-name="Ultair">Ultair</span>:</strong> <em>the more you know</em></div><div class="spacer battle-history"><br></div><div class="battle-history">Ultair sent out <strong>Slowbro</strong>!<br></div><div class="spacer battle-history"><br></div><h2 class="battle-history">Turn 15</h2><div class="chat chatmessage-chillerfrost mine"><strong style="color:#2aaa9b"><small>☆</small><span class="username" data-name="ChillerFrost">ChillerFrost</span>:</strong> <em>yeah its super strong</em></div><div class="spacer battle-history"><br></div><div class="battle-history">Comfey used <strong>Giga Drain</strong>!<br></div><div class="battle-history"><small>It's super effective!</small><br></div><div class="battle-history"><small>(The opposing Slowbro lost 80% of its health!)</small><br></div><div class="battle-history"><small>The opposing Slowbro had its energy drained!</small><br></div><div class="battle-history"><small>Comfey lost some of its HP!</small><br></div><div class="spacer battle-history"><br></div><div class="battle-history">The opposing Slowbro used <strong>Toxic</strong>!<br></div><div class="battle-history"><small>Comfey was badly poisoned!</small><br></div><div class="spacer battle-history"><br></div><div class="battle-history"><small>Comfey was hurt by poison!</small><br></div><div class="spacer battle-history"><br></div><h2 class="battle-history">Turn 16</h2><div class="spacer battle-history"><br></div><div class="battle-history">Ultair withdrew Slowbro!<br></div><div class="battle-history">Ultair sent out Thundurus (<strong>Thundurus-Therian</strong>)!<br></div><div class="spacer battle-history"><br></div><div class="battle-history">Comfey used <strong>Giga Drain</strong>!<br></div><div class="battle-history"><small>It's not very effective...</small><br></div><div class="battle-history"><small>(The opposing Thundurus lost 26% of its health!)</small><br></div><div class="battle-history"><small>The opposing Thundurus had its energy drained!</small><br></div><div class="battle-history"><small>Comfey lost some of its HP!</small><br></div><div class="spacer battle-history"><br></div><div class="battle-history"><small>Comfey was hurt by poison!</small><br></div><div class="spacer battle-history"><br></div><h2 class="battle-history">Turn 17</h2><div class="spacer battle-history"><br></div><div class="battle-history">Comfey used <strong>Draining Kiss</strong>!<br></div><div class="battle-history"><small>A critical hit!</small><br></div><div class="battle-history"><small>(The opposing Thundurus lost 27% of its health!)</small><br></div><div class="battle-history"><small>The opposing Thundurus had its energy drained!</small><br></div><div class="spacer battle-history"><br></div><div class="battle-history">The opposing Thundurus fainted!<br></div><div class="battle-history"><small>Comfey lost some of its HP!</small><br></div><div class="spacer battle-history"><br></div><div class="battle-history"><small>Comfey was hurt by poison!</small><br></div><div class="spacer battle-history"><br></div><div class="battle-history">Ultair sent out <strong>Slowbro</strong>!<br></div><div class="spacer battle-history"><br></div><h2 class="battle-history">Turn 18</h2><div class="spacer battle-history"><br></div><div class="battle-history">Comfey used <strong>Giga Drain</strong>!<br></div><div class="battle-history"><small>It's super effective!</small><br></div><div class="battle-history"><small>(The opposing Slowbro lost 53% of its health!)</small><br></div><div class="battle-history"><small>The opposing Slowbro had its energy drained!</small><br></div><div class="spacer battle-history"><br></div><div class="battle-history">The opposing Slowbro fainted!<br></div><div class="battle-history"><small>Comfey lost some of its HP!</small><br></div><div class="spacer battle-history"><br></div><div class="battle-history"><strong>ChillerFrost</strong> won the battle!<br></div><div class="chat chatmessage-ultair"><strong style="color:#3a9240"><small>☆</small><span class="username" data-name="Ultair">Ultair</span>:</strong> <em>ggs</em></div><div class="chat chatmessage-chillerfrost mine"><strong style="color:#2aaa9b"><small>☆</small><span class="username" data-name="ChillerFrost">ChillerFrost</span>:</strong> <em>ggs!</em></div><div class="chat"><small> ksch and  elementalassasin left</small></div><div class="chat chatmessage-ultair"><strong style="color:#3a9240"><small>☆</small><span class="username" data-name="Ultair">Ultair</span>:</strong> <em>gluck in playoffs thanks for a great season as always</em></div><div class="chat chatmessage-chillerfrost mine"><strong style="color:#2aaa9b"><small>☆</small><span class="username" data-name="ChillerFrost">ChillerFrost</span>:</strong> <em>ty hope you had fun this season!</em></div><div class="chat"><small> Bunnnies and  conundromic left</small></div><div class="chat chatmessage-ultair"><strong style="color:#3a9240"><small>☆</small><span class="username" data-name="Ultair">Ultair</span>:</strong> <em>Yeah coulda had a couple wins but got unlucky</em></div><div class="chat chatmessage-chillerfrost mine"><strong style="color:#2aaa9b"><small>☆</small><span class="username" data-name="ChillerFrost">ChillerFrost</span>:</strong> <em>diancie scared me so much</em></div><div class="chat chatmessage-ultair"><strong style="color:#3a9240"><small>☆</small><span class="username" data-name="Ultair">Ultair</span>:</strong> <em>Next season when the new meags are out ???</em></div><div class="chat chatmessage-chillerfrost mine"><strong style="color:#2aaa9b"><small>☆</small><span class="username" data-name="ChillerFrost">ChillerFrost</span>:</strong> <em>potentially</em></div><div class="chat chatmessage-ultair"><strong style="color:#3a9240"><small>☆</small><span class="username" data-name="Ultair">Ultair</span>:</strong> <em>yea I loved diancie</em></div><div class="chat chatmessage-chillerfrost mine"><strong style="color:#2aaa9b"><small>☆</small><span class="username" data-name="ChillerFrost">ChillerFrost</span>:</strong> <em>it depends on when its released</em></div><div class="chat chatmessage-ultair"><strong style="color:#3a9240"><small>☆</small><span class="username" data-name="Ultair">Ultair</span>:</strong> <em>0_0</em></div><div class="chat"><small> Crown Oji left</small></div><div class="chat chatmessage-chillerfrost mine"><strong style="color:#2aaa9b"><small>☆</small><span class="username" data-name="ChillerFrost">ChillerFrost</span>:</strong> <em>I mean I have the timeline sorta planned tbh</em></div><div class="chat chatmessage-ultair"><strong style="color:#3a9240"><small>☆</small><span class="username" data-name="Ultair">Ultair</span>:</strong> <em>They look fun so far if the leaks are right going to have like 30</em></div><div class="chat chatmessage-chillerfrost mine"><strong style="color:#2aaa9b"><small>☆</small><span class="username" data-name="ChillerFrost">ChillerFrost</span>:</strong> <em>i stayed away from the leaks</em></div><div class="chat chatmessage-ultair"><strong style="color:#3a9240"><small>☆</small><span class="username" data-name="Ultair">Ultair</span>:</strong> <em>have you seen any?</em></div><div class="chat chatmessage-chillerfrost mine"><strong style="color:#2aaa9b"><small>☆</small><span class="username" data-name="ChillerFrost">ChillerFrost</span>:</strong> <em>i actually have the premier leaking twitter account muted</em></div><div class="chat chatmessage-ultair"><strong style="color:#3a9240"><small>☆</small><span class="username" data-name="Ultair">Ultair</span>:</strong> <em>It just popped up for me on youtube</em></div><div class="chat chatmessage-chillerfrost mine"><strong style="color:#2aaa9b"><small>☆</small><span class="username" data-name="ChillerFrost">ChillerFrost</span>:</strong> <em>i like going into the new games blind until i beat the game</em></div><div class="chat chatmessage-ultair"><strong style="color:#3a9240"><small>☆</small><span class="username" data-name="Ultair">Ultair</span>:</strong> <em>true</em></div><div class="chat chatmessage-chillerfrost mine"><strong style="color:#2aaa9b"><small>☆</small><span class="username" data-name="ChillerFrost">ChillerFrost</span>:</strong> <em>i saw the number and type distribution from a reddit headline</em></div><div class="chat chatmessage-ultair"><strong style="color:#3a9240"><small>☆</small><span class="username" data-name="Ultair">Ultair</span>:</strong> <em>I saw like two or three suspected mons</em></div><div class="chat chatmessage-ultair"><strong style="color:#3a9240"><small>☆</small><span class="username" data-name="Ultair">Ultair</span>:</strong> <em>got me hype lol</em></div><div class="chat chatmessage-chillerfrost mine"><strong style="color:#2aaa9b"><small>☆</small><span class="username" data-name="ChillerFrost">ChillerFrost</span>:</strong> <em>I was thinking about it earlier</em></div><div class="chat chatmessage-chillerfrost mine"><strong style="color:#2aaa9b"><small>☆</small><span class="username" data-name="ChillerFrost">ChillerFrost</span>:</strong> <em>Imagine a Mega Hippowdon</em></div><div class="chat chatmessage-ultair"><strong style="color:#3a9240"><small>☆</small><span class="username" data-name="Ultair">Ultair</span>:</strong> <em>sand force</em></div><div class="chat chatmessage-ultair"><strong style="color:#3a9240"><small>☆</small><span class="username" data-name="Ultair">Ultair</span>:</strong> <em>sand veil XD</em></div><div class="chat chatmessage-chillerfrost mine"><strong style="color:#2aaa9b"><small>☆</small><span class="username" data-name="ChillerFrost">ChillerFrost</span>:</strong> <em>lmaooo</em></div><div class="chat chatmessage-chillerfrost mine"><strong style="color:#2aaa9b"><small>☆</small><span class="username" data-name="ChillerFrost">ChillerFrost</span>:</strong> <em>anyway was fun thanks for playing now instead of after the docta/muney battle</em></div><div class="chat chatmessage-chillerfrost mine"><strong style="color:#2aaa9b"><small>☆</small><span class="username" data-name="ChillerFrost">ChillerFrost</span>:</strong> <em>that thing is still going on</em></div><div class="chat chatmessage-ultair"><strong style="color:#3a9240"><small>☆</small><span class="username" data-name="Ultair">Ultair</span>:</strong> <em>yea np cya</em></div><div class="chat"><small>☆Ultair left</small></div></div><div class="inner-preempt message-log"></div></div></div>
</div>
<script>
let daily = Math.floor(Date.now()/1000/60/60/24);document.write('<script src="https://play.pokemonshowdown.com/js/replay-embed.js?version'+daily+'"></'+'script>');
</script>
