<!DOCTYPE html>
<meta charset="utf-8" />
<!-- version 1 -->
<title>[Gen 9] NatDex Draft replay: Phantom0rion vs. ksch</title>
<style>
html,body {font-family:Verdana, sans-serif;font-size:10pt;margin:0;padding:0;}body{padding:12px 0;} .battle-log {font-family:Verdana, sans-serif;font-size:10pt;} .battle-log-inline {border:1px solid #AAAAAA;background:#EEF2F5;color:black;max-width:640px;margin:0 auto 80px;padding-bottom:5px;} .battle-log .inner {padding:4px 8px 0px 8px;} .battle-log .inner-preempt {padding:0 8px 4px 8px;} .battle-log .inner-after {margin-top:0.5em;} .battle-log h2 {margin:0.5em -8px;padding:4px 8px;border:1px solid #AAAAAA;background:#E0E7EA;border-left:0;border-right:0;font-family:Verdana, sans-serif;font-size:13pt;} .battle-log .chat {vertical-align:middle;padding:3px 0 3px 0;font-size:8pt;} .battle-log .chat strong {color:#40576A;} .battle-log .chat em {padding:1px 4px 1px 3px;color:#000000;font-style:normal;} .chat.mine {background:rgba(0,0,0,0.05);margin-left:-8px;margin-right:-8px;padding-left:8px;padding-right:8px;} .spoiler {color:#BBBBBB;background:#BBBBBB;padding:0px 3px;} .spoiler:hover, .spoiler:active, .spoiler-shown {color:#000000;background:#E2E2E2;padding:0px 3px;} .spoiler a {color:#BBBBBB;} .spoiler:hover a, .spoiler:active a, .spoiler-shown a {color:#2288CC;} .chat code, .chat .spoiler:hover code, .chat .spoiler:active code, .chat .spoiler-shown code {border:1px solid #C0C0C0;background:#EEEEEE;color:black;padding:0 2px;} .chat .spoiler code {border:1px solid #CCCCCC;background:#CCCCCC;color:#CCCCCC;} .battle-log .rated {padding:3px 4px;} .battle-log .rated strong {color:white;background:#89A;padding:1px 4px;border-radius:4px;} .spacer {margin-top:0.5em;} .message-announce {background:#6688AA;color:white;padding:1px 4px 2px;} .message-announce a, .broadcast-green a, .broadcast-blue a, .broadcast-red a {color:#DDEEFF;} .broadcast-green {background-color:#559955;color:white;padding:2px 4px;} .broadcast-blue {background-color:#6688AA;color:white;padding:2px 4px;} .infobox {border:1px solid #6688AA;padding:2px 4px;} .infobox-limited {max-height:200px;overflow:auto;overflow-x:hidden;} .broadcast-red {background-color:#AA5544;color:white;padding:2px 4px;} .message-learn-canlearn {font-weight:bold;color:#228822;text-decoration:underline;} .message-learn-cannotlearn {font-weight:bold;color:#CC2222;text-decoration:underline;} .message-effect-weak {font-weight:bold;color:#CC2222;} .message-effect-resist {font-weight:bold;color:#6688AA;} .message-effect-immune {font-weight:bold;color:#666666;} .message-learn-list {margin-top:0;margin-bottom:0;} .message-throttle-notice, .message-error {color:#992222;} .message-overflow, .chat small.message-overflow {font-size:0pt;} .message-overflow::before {font-size:9pt;content:'...';} .subtle {color:#3A4A66;}
</style>
<div class="wrapper replay-wrapper" style="max-width:1180px;margin:0 auto">
<input type="hidden" name="replayid" value="gen9natdexdraft-2327274439" />
<div class="battle"></div><div class="battle-log"></div><div class="replay-controls"></div><div class="replay-controls-2"></div>
<h1 style="font-weight:normal;text-align:center"><strong>[Gen 9] NatDex Draft</strong><br /><a href="http://pokemonshowdown.com/users/phantom0rion" class="subtle" target="_blank">Phantom0rion</a> vs. <a href="http://pokemonshowdown.com/users/ksch" class="subtle" target="_blank">ksch</a></h1>
<script type="text/plain" class="battle-log-data">
|j|☆Phantom0rion
|j|☆ksch
|t:|1742870266
|gametype|singles
|player|p1|Phantom0rion|palmer|
|player|p2|ksch|swimmerf-gen4|
|teamsize|p1|6
|teamsize|p2|6
|gen|9
|tier|[Gen 9] NatDex Draft
|rule|Sleep Clause Mod: Limit one foe put to sleep
|rule|OHKO Clause: OHKO moves are banned
|rule|Evasion Clause: Evasion abilities, items, and moves are banned
|rule|Evasion Abilities Clause: Evasion abilities are banned
|rule|Evasion Items Clause: Evasion items are banned
|rule|Evasion Moves Clause: Evasion moves are banned
|rule|Endless Battle Clause: Forcing endless battles is banned
|rule|HP Percentage Mod: HP is shown in percentages
|clearpoke
|poke|p1|Diancie|
|poke|p1|Meloetta|
|poke|p1|Skarmory, M|
|poke|p1|Greninja-*, F|
|poke|p1|Salamence, F|
|poke|p1|Krookodile, F|
|poke|p2|Great Tusk|
|poke|p2|Samurott-Hisui, F|
|poke|p2|Ogerpon, F|
|poke|p2|Lokix, F|
|poke|p2|Slowking, F|
|poke|p2|Noivern, F|
|teampreview
|inactive|Battle timer is ON: inactive players will automatically lose when time's up. (requested by Phantom0rion)
|inactiveoff|Battle timer is now OFF.
|j| conundromic
|j| Bunnnies
|
|t:|1742870332
|start
|switch|p1a: just a girl|Meloetta|100\/100
|switch|p2a: boom|Samurott-Hisui, F|100\/100
|turn|1
|j| ChillerFrost
|
|t:|1742870353
|-terastallize|p1a: just a girl|Fairy
|move|p1a: just a girl|Relic Song|p2a: boom
|-damage|p2a: boom|65\/100
|-status|p2a: boom|slp|[from] move: Relic Song
|-formechange|p1a: just a girl|Meloetta-Pirouette|[msg]
|cant|p2a: boom|slp
|
|upkeep
|turn|2
|
|t:|1742870384
|switch|p2a: Slowking|Slowking, F|100\/100
|move|p1a: just a girl|Swords Dance|p1a: just a girl
|-boost|p1a: just a girl|atk|2
|
|upkeep
|turn|3
|
|t:|1742870413
|move|p1a: just a girl|Triple Axel|p2a: Slowking
|-resisted|p2a: Slowking
|-damage|p2a: Slowking|93\/100
|-resisted|p2a: Slowking
|-damage|p2a: Slowking|79\/100
|-resisted|p2a: Slowking
|-damage|p2a: Slowking|55\/100
|-hitcount|p2a: Slowking|3
|move|p2a: Slowking|Trick|p1a: just a girl
|-activate|p2a: Slowking|move: Trick|[of] p1a: just a girl
|-item|p1a: just a girl|Choice Specs|[from] move: Trick
|-item|p2a: Slowking|Lum Berry|[from] move: Trick
|
|upkeep
|turn|4
|
|t:|1742870431
|move|p1a: just a girl|Triple Axel|p2a: Slowking
|-resisted|p2a: Slowking
|-damage|p2a: Slowking|47\/100
|-resisted|p2a: Slowking
|-damage|p2a: Slowking|33\/100
|-resisted|p2a: Slowking
|-damage|p2a: Slowking|11\/100
|-hitcount|p2a: Slowking|3
|-prepare|p2a: Slowking|Chilly Reception|[premajor]
|move|p2a: Slowking|Chilly Reception|p2a: Slowking
|-weather|Snowscape
|j| Crown Oji
|
|t:|1742870512
|switch|p2a: boom|Ogerpon, F|100\/100|[from] Chilly Reception
|
|-weather|Snowscape|[upkeep]
|upkeep
|turn|5
|
|t:|1742870544
|move|p1a: just a girl|Triple Axel|p2a: boom
|-supereffective|p2a: boom
|-damage|p2a: boom|67\/100
|-supereffective|p2a: boom
|-damage|p2a: boom|0 fnt
|faint|p2a: boom
|-hitcount|p2: boom|2
|
|-weather|Snowscape|[upkeep]
|upkeep
|
|t:|1742870556
|switch|p2a: Slowking|Slowking, F|45\/100
|turn|6
|
|t:|1742870566
|move|p1a: just a girl|Triple Axel|p2a: Slowking
|-resisted|p2a: Slowking
|-damage|p2a: Slowking|37\/100
|-resisted|p2a: Slowking
|-damage|p2a: Slowking|21\/100
|-resisted|p2a: Slowking
|-damage|p2a: Slowking|0 fnt
|faint|p2a: Slowking
|-hitcount|p2: Slowking|3
|
|-weather|Snowscape|[upkeep]
|upkeep
|
|t:|1742870576
|switch|p2a: boom|Samurott-Hisui, F|65\/100 slp
|turn|7
|
|t:|1742870583
|move|p1a: just a girl|Triple Axel|p2a: boom
|-resisted|p2a: boom
|-damage|p2a: boom|57\/100 slp
|-resisted|p2a: boom
|-damage|p2a: boom|41\/100 slp
|-resisted|p2a: boom
|-damage|p2a: boom|19\/100 slp
|-hitcount|p2a: boom|3
|cant|p2a: boom|slp
|
|-weather|Snowscape|[upkeep]
|upkeep
|turn|8
|
|t:|1742870592
|move|p1a: just a girl|Triple Axel|p2a: boom
|-resisted|p2a: boom
|-damage|p2a: boom|11\/100 slp
|-resisted|p2a: boom
|-damage|p2a: boom|0 fnt
|faint|p2a: boom
|-hitcount|p2: boom|2
|
|-weather|none
|upkeep
|
|t:|1742870601
|switch|p2a: boom|Great Tusk|100\/100
|turn|9
|
|t:|1742870607
|move|p1a: just a girl|Triple Axel|p2a: boom
|-supereffective|p2a: boom
|-damage|p2a: boom|82\/100
|-supereffective|p2a: boom
|-damage|p2a: boom|48\/100
|-supereffective|p2a: boom
|-damage|p2a: boom|0 fnt
|faint|p2a: boom
|-end|p2a: boom|Protosynthesis|[silent]
|-hitcount|p2: boom|3
|
|upkeep
|
|t:|1742870615
|switch|p2a: boom|Lokix, F|100\/100
|turn|10
|c|☆ksch|ggs
|
|t:|1742870622
|move|p1a: just a girl|Triple Axel|p2a: boom
|-damage|p2a: boom|79\/100
|-damage|p2a: boom|39\/100
|-damage|p2a: boom|0 fnt
|faint|p2a: boom
|-hitcount|p2: boom|3
|
|upkeep
|
|t:|1742870629
|switch|p2a: boom|Noivern, F|100\/100
|turn|11
|
|t:|1742870633
|move|p1a: just a girl|Triple Axel|p2a: boom
|-supereffective|p2a: boom
|-damage|p2a: boom|33\/100
|-supereffective|p2a: boom
|-damage|p2a: boom|0 fnt
|faint|p2a: boom
|-hitcount|p2: boom|2
|
|win|Phantom0rion
|c|☆Phantom0rion|gg
|l|☆ksch
|player|p2|

</script>
</div>
<div class="battle-log battle-log-inline"><div class="inner"><div class="battle-options"></div><div class="inner message-log"><div class="chat"><small>☆Phantom0rion and ☆ksch joined</small></div><div class=""><small>Format:</small> <br><strong>[Gen 9] NatDex Draft</strong></div><div class=""><small><em>Sleep Clause Mod:</em> Limit one foe put to sleep</small></div><div class=""><small><em>OHKO Clause:</em> OHKO moves are banned</small></div><div class=""><small><em>Evasion Clause:</em> Evasion abilities, items, and moves are banned</small></div><div class=""><small><em>Evasion Abilities Clause:</em> Evasion abilities are banned</small></div><div class=""><small><em>Evasion Items Clause:</em> Evasion items are banned</small></div><div class=""><small><em>Evasion Moves Clause:</em> Evasion moves are banned</small></div><div class=""><small><em>Endless Battle Clause:</em> Forcing endless battles is banned</small></div><div class=""><small><em>HP Percentage Mod:</em> HP is shown in percentages</small></div><div class="chat battle-history"><strong>Phantom0rion's team:</strong> <em style="color:#445566;display:block;">Diancie / Meloetta / Skarmory / Greninja-* / Salamence / Krookodile</em></div><div class="chat battle-history"><strong>ksch's team:</strong> <em style="color:#445566;display:block;">Great Tusk / Samurott-Hisui / Ogerpon / Lokix / Slowking / Noivern</em></div><div class="chat message-error">Battle timer is ON: inactive players will automatically lose when time's up. (requested by Phantom0rion)</div><div class="chat message-error">Battle timer is now OFF.</div><div class="chat"><small> conundromic and  Bunnnies joined</small></div><div class="spacer battle-history"><br></div><div class="battle-history">Battle started between Phantom0rion and ksch!<br></div><div class="spacer battle-history"><br></div><div class="battle-history">Go! just a girl (<strong>Meloetta</strong>)!<br></div><div class="spacer battle-history"><br></div><div class="battle-history">ksch sent out boom (<strong>Samurott-Hisui</strong>)!<br></div><div class="spacer battle-history"><br></div><h2 class="battle-history">Turn 1</h2><div class="chat"><small> ChillerFrost joined</small></div><div class="spacer battle-history"><br></div><div class="battle-history"><small>just a girl has Terastallized into the Fairy-type!</small><br></div><div class="spacer battle-history"><br></div><div class="battle-history">just a girl used <strong>Relic Song</strong>!<br></div><div class="battle-history"><small>(The opposing boom lost 35% of its health!)</small><br></div><div class="battle-history"><small>The opposing boom fell asleep!</small><br></div><div class="battle-history">just a girl transformed!<br></div><div class="spacer battle-history"><br></div><div class="battle-history">The opposing boom is fast asleep.<br></div><div class="spacer battle-history"><br></div><h2 class="battle-history">Turn 2</h2><div class="spacer battle-history"><br></div><div class="battle-history">ksch withdrew boom!<br></div><div class="battle-history">ksch sent out <strong>Slowking</strong>!<br></div><div class="spacer battle-history"><br></div><div class="battle-history">just a girl used <strong>Swords Dance</strong>!<br></div><div class="battle-history"><small>just a girl's Attack rose sharply!</small><br></div><div class="spacer battle-history"><br></div><h2 class="battle-history">Turn 3</h2><div class="spacer battle-history"><br></div><div class="battle-history">just a girl used <strong>Triple Axel</strong>!<br></div><div class="battle-history"><small>It's not very effective...</small><br></div><div class="battle-history"><small>(The opposing Slowking lost 7% of its health!)</small><br></div><div class="battle-history"><small>It's not very effective...</small><br></div><div class="battle-history"><small>(The opposing Slowking lost 14% of its health!)</small><br></div><div class="battle-history"><small>It's not very effective...</small><br></div><div class="battle-history"><small>(The opposing Slowking lost 24% of its health!)</small><br></div><div class="battle-history"><small>The Pokémon was hit 3 times!</small><br></div><div class="spacer battle-history"><br></div><div class="battle-history">The opposing Slowking used <strong>Trick</strong>!<br></div><div class="battle-history"><small>The opposing Slowking switched items with its target!</small><br></div><div class="battle-history"><small>just a girl obtained one Choice Specs.</small><br></div><div class="battle-history"><small>The opposing Slowking obtained one Lum Berry.</small><br></div><div class="spacer battle-history"><br></div><h2 class="battle-history">Turn 4</h2><div class="spacer battle-history"><br></div><div class="battle-history">just a girl used <strong>Triple Axel</strong>!<br></div><div class="battle-history"><small>It's not very effective...</small><br></div><div class="battle-history"><small>(The opposing Slowking lost 8% of its health!)</small><br></div><div class="battle-history"><small>It's not very effective...</small><br></div><div class="battle-history"><small>(The opposing Slowking lost 14% of its health!)</small><br></div><div class="battle-history"><small>It's not very effective...</small><br></div><div class="battle-history"><small>(The opposing Slowking lost 22% of its health!)</small><br></div><div class="battle-history"><small>The Pokémon was hit 3 times!</small><br></div><div class="spacer battle-history"><br></div><div class="battle-history"><small>The opposing Slowking is preparing to tell a chillingly bad joke!</small><br></div><div class="battle-history">The opposing Slowking used <strong>Chilly Reception</strong>!<br></div><div class="battle-history"><small>It started to snow!</small><br></div><div class="chat"><small> Crown Oji joined</small></div><div class="spacer battle-history"><br></div><div class="battle-history">ksch withdrew Slowking!<br></div><div class="battle-history">ksch sent out boom (<strong>Ogerpon</strong>)!<br></div><div class="spacer battle-history"><br></div><div class="battle-history"><small>(The snow is falling down.)</small><br></div><div class="spacer battle-history"><br></div><h2 class="battle-history">Turn 5</h2><div class="spacer battle-history"><br></div><div class="battle-history">just a girl used <strong>Triple Axel</strong>!<br></div><div class="battle-history"><small>It's super effective!</small><br></div><div class="battle-history"><small>(The opposing boom lost 33% of its health!)</small><br></div><div class="battle-history"><small>It's super effective!</small><br></div><div class="battle-history"><small>(The opposing boom lost 67% of its health!)</small><br></div><div class="spacer battle-history"><br></div><div class="battle-history">The opposing boom fainted!<br></div><div class="battle-history"><small>The Pokémon was hit 2 times!</small><br></div><div class="spacer battle-history"><br></div><div class="battle-history"><small>(The snow is falling down.)</small><br></div><div class="spacer battle-history"><br></div><div class="battle-history">ksch sent out <strong>Slowking</strong>!<br></div><div class="spacer battle-history"><br></div><h2 class="battle-history">Turn 6</h2><div class="spacer battle-history"><br></div><div class="battle-history">just a girl used <strong>Triple Axel</strong>!<br></div><div class="battle-history"><small>It's not very effective...</small><br></div><div class="battle-history"><small>(The opposing Slowking lost 8% of its health!)</small><br></div><div class="battle-history"><small>It's not very effective...</small><br></div><div class="battle-history"><small>(The opposing Slowking lost 16% of its health!)</small><br></div><div class="battle-history"><small>It's not very effective...</small><br></div><div class="battle-history"><small>(The opposing Slowking lost 21% of its health!)</small><br></div><div class="spacer battle-history"><br></div><div class="battle-history">The opposing Slowking fainted!<br></div><div class="battle-history"><small>The Pokémon was hit 3 times!</small><br></div><div class="spacer battle-history"><br></div><div class="battle-history"><small>(The snow is falling down.)</small><br></div><div class="spacer battle-history"><br></div><div class="battle-history">ksch sent out boom (<strong>Samurott-Hisui</strong>)!<br></div><div class="spacer battle-history"><br></div><h2 class="battle-history">Turn 7</h2><div class="spacer battle-history"><br></div><div class="battle-history">just a girl used <strong>Triple Axel</strong>!<br></div><div class="battle-history"><small>It's not very effective...</small><br></div><div class="battle-history"><small>(The opposing boom lost 8% of its health!)</small><br></div><div class="battle-history"><small>It's not very effective...</small><br></div><div class="battle-history"><small>(The opposing boom lost 16% of its health!)</small><br></div><div class="battle-history"><small>It's not very effective...</small><br></div><div class="battle-history"><small>(The opposing boom lost 22% of its health!)</small><br></div><div class="battle-history"><small>The Pokémon was hit 3 times!</small><br></div><div class="spacer battle-history"><br></div><div class="battle-history">The opposing boom is fast asleep.<br></div><div class="spacer battle-history"><br></div><div class="battle-history"><small>(The snow is falling down.)</small><br></div><div class="spacer battle-history"><br></div><h2 class="battle-history">Turn 8</h2><div class="spacer battle-history"><br></div><div class="battle-history">just a girl used <strong>Triple Axel</strong>!<br></div><div class="battle-history"><small>It's not very effective...</small><br></div><div class="battle-history"><small>(The opposing boom lost 8% of its health!)</small><br></div><div class="battle-history"><small>It's not very effective...</small><br></div><div class="battle-history"><small>(The opposing boom lost 11% of its health!)</small><br></div><div class="spacer battle-history"><br></div><div class="battle-history">The opposing boom fainted!<br></div><div class="battle-history"><small>The Pokémon was hit 2 times!</small><br></div><div class="spacer battle-history"><br></div><div class="battle-history"><small>The snow stopped.</small><br></div><div class="spacer battle-history"><br></div><div class="battle-history">ksch sent out boom (<strong>Great Tusk</strong>)!<br></div><div class="spacer battle-history"><br></div><h2 class="battle-history">Turn 9</h2><div class="spacer battle-history"><br></div><div class="battle-history">just a girl used <strong>Triple Axel</strong>!<br></div><div class="battle-history"><small>It's super effective!</small><br></div><div class="battle-history"><small>(The opposing boom lost 18% of its health!)</small><br></div><div class="battle-history"><small>It's super effective!</small><br></div><div class="battle-history"><small>(The opposing boom lost 34% of its health!)</small><br></div><div class="battle-history"><small>It's super effective!</small><br></div><div class="battle-history"><small>(The opposing boom lost 48% of its health!)</small><br></div><div class="spacer battle-history"><br></div><div class="battle-history">The opposing boom fainted!<br></div><div class="battle-history"><small>The Pokémon was hit 3 times!</small><br></div><div class="spacer battle-history"><br></div><div class="battle-history">ksch sent out boom (<strong>Lokix</strong>)!<br></div><div class="spacer battle-history"><br></div><h2 class="battle-history">Turn 10</h2><div class="chat chatmessage-ksch"><strong style="color:#1db7b9"><small>☆</small><span class="username" data-name="ksch">ksch</span>:</strong> <em>ggs</em></div><div class="spacer battle-history"><br></div><div class="battle-history">just a girl used <strong>Triple Axel</strong>!<br></div><div class="battle-history"><small>(The opposing boom lost 21% of its health!)</small><br></div><div class="battle-history"><small>(The opposing boom lost 40% of its health!)</small><br></div><div class="battle-history"><small>(The opposing boom lost 39% of its health!)</small><br></div><div class="spacer battle-history"><br></div><div class="battle-history">The opposing boom fainted!<br></div><div class="battle-history"><small>The Pokémon was hit 3 times!</small><br></div><div class="spacer battle-history"><br></div><div class="battle-history">ksch sent out boom (<strong>Noivern</strong>)!<br></div><div class="spacer battle-history"><br></div><h2 class="battle-history">Turn 11</h2><div class="spacer battle-history"><br></div><div class="battle-history">just a girl used <strong>Triple Axel</strong>!<br></div><div class="battle-history"><small>It's super effective!</small><br></div><div class="battle-history"><small>(The opposing boom lost 67% of its health!)</small><br></div><div class="battle-history"><small>It's super effective!</small><br></div><div class="battle-history"><small>(The opposing boom lost 33% of its health!)</small><br></div><div class="spacer battle-history"><br></div><div class="battle-history">The opposing boom fainted!<br></div><div class="battle-history"><small>The Pokémon was hit 2 times!</small><br></div><div class="spacer battle-history"><br></div><div class="battle-history"><strong>Phantom0rion</strong> won the battle!<br></div><div class="chat chatmessage-phantom0rion"><strong style="color:#0aa74e"><small>☆</small><span class="username" data-name="Phantom0rion">Phantom0rion</span>:</strong> <em>gg</em></div><div class="chat"><small>☆ksch left</small></div></div><div class="inner-preempt message-log"></div></div></div>
</div>
<script>
let daily = Math.floor(Date.now()/1000/60/60/24);document.write('<script src="https://play.pokemonshowdown.com/js/replay-embed.js?version'+daily+'"></'+'script>');
</script>
