<!DOCTYPE html>
<meta charset="utf-8" />
<!-- version 1 -->
<title>[Gen 9] NatDex Draft replay: ChillerFrost vs. frog34</title>
<style>
html,body {font-family:Verdana, sans-serif;font-size:10pt;margin:0;padding:0;}body{padding:12px 0;} .battle-log {font-family:Verdana, sans-serif;font-size:10pt;} .battle-log-inline {border:1px solid #AAAAAA;background:#EEF2F5;color:black;max-width:640px;margin:0 auto 80px;padding-bottom:5px;} .battle-log .inner {padding:4px 8px 0px 8px;} .battle-log .inner-preempt {padding:0 8px 4px 8px;} .battle-log .inner-after {margin-top:0.5em;} .battle-log h2 {margin:0.5em -8px;padding:4px 8px;border:1px solid #AAAAAA;background:#E0E7EA;border-left:0;border-right:0;font-family:Verdana, sans-serif;font-size:13pt;} .battle-log .chat {vertical-align:middle;padding:3px 0 3px 0;font-size:8pt;} .battle-log .chat strong {color:#40576A;} .battle-log .chat em {padding:1px 4px 1px 3px;color:#000000;font-style:normal;} .chat.mine {background:rgba(0,0,0,0.05);margin-left:-8px;margin-right:-8px;padding-left:8px;padding-right:8px;} .spoiler {color:#BBBBBB;background:#BBBBBB;padding:0px 3px;} .spoiler:hover, .spoiler:active, .spoiler-shown {color:#000000;background:#E2E2E2;padding:0px 3px;} .spoiler a {color:#BBBBBB;} .spoiler:hover a, .spoiler:active a, .spoiler-shown a {color:#2288CC;} .chat code, .chat .spoiler:hover code, .chat .spoiler:active code, .chat .spoiler-shown code {border:1px solid #C0C0C0;background:#EEEEEE;color:black;padding:0 2px;} .chat .spoiler code {border:1px solid #CCCCCC;background:#CCCCCC;color:#CCCCCC;} .battle-log .rated {padding:3px 4px;} .battle-log .rated strong {color:white;background:#89A;padding:1px 4px;border-radius:4px;} .spacer {margin-top:0.5em;} .message-announce {background:#6688AA;color:white;padding:1px 4px 2px;} .message-announce a, .broadcast-green a, .broadcast-blue a, .broadcast-red a {color:#DDEEFF;} .broadcast-green {background-color:#559955;color:white;padding:2px 4px;} .broadcast-blue {background-color:#6688AA;color:white;padding:2px 4px;} .infobox {border:1px solid #6688AA;padding:2px 4px;} .infobox-limited {max-height:200px;overflow:auto;overflow-x:hidden;} .broadcast-red {background-color:#AA5544;color:white;padding:2px 4px;} .message-learn-canlearn {font-weight:bold;color:#228822;text-decoration:underline;} .message-learn-cannotlearn {font-weight:bold;color:#CC2222;text-decoration:underline;} .message-effect-weak {font-weight:bold;color:#CC2222;} .message-effect-resist {font-weight:bold;color:#6688AA;} .message-effect-immune {font-weight:bold;color:#666666;} .message-learn-list {margin-top:0;margin-bottom:0;} .message-throttle-notice, .message-error {color:#992222;} .message-overflow, .chat small.message-overflow {font-size:0pt;} .message-overflow::before {font-size:9pt;content:'...';} .subtle {color:#3A4A66;}
</style>
<div class="wrapper replay-wrapper" style="max-width:1180px;margin:0 auto">
<input type="hidden" name="replayid" value="gen9natdexdraft-2424209953" />
<div class="battle"></div><div class="battle-log"></div><div class="replay-controls"></div><div class="replay-controls-2"></div>
<h1 style="font-weight:normal;text-align:center"><strong>[Gen 9] NatDex Draft</strong><br /><a href="http://pokemonshowdown.com/users/chillerfrost" class="subtle" target="_blank">ChillerFrost</a> vs. <a href="http://pokemonshowdown.com/users/frog34" class="subtle" target="_blank">frog34</a></h1>
<script type="text/plain" class="battle-log-data">
|j|☆ChillerFrost
|j|☆frog34
|t:|1755566909
|gametype|singles
|player|p1|ChillerFrost|cynthia|
|player|p2|frog34|2|
|gen|9
|tier|[Gen 9] NatDex Draft
|rule|Tera Type Preview: Tera Types are shown at Team Preview
|rule|Sleep Clause Mod: Limit one foe put to sleep
|rule|OHKO Clause: OHKO moves are banned
|rule|Evasion Clause: Evasion abilities, items, and moves are banned
|rule|Evasion Abilities Clause: Evasion abilities are banned
|rule|Evasion Items Clause: Evasion items are banned
|rule|Evasion Moves Clause: Evasion moves are banned
|rule|Endless Battle Clause: Forcing endless battles is banned
|rule|HP Percentage Mod: HP is shown in percentages
|raw|<div class="infobox"><details class="readmore" open><summary><strong>1 custom rule:<\/strong><\/summary> Tera Type Preview<\/details><\/div>
|clearpoke
|poke|p1|Salazzle, F|
|poke|p1|Zamazenta-*|
|poke|p1|Araquanid, M|
|poke|p1|Lunala|
|poke|p1|Primarina, F|
|poke|p1|Garchomp, F|
|poke|p2|Groudon|
|poke|p2|Venusaur, M|
|poke|p2|Raging Bolt|
|poke|p2|Walking Wake|
|poke|p2|Dialga|
|poke|p2|Articuno|
|raw|ChillerFrost's Tera Types:<br \/><psicon pokemon="salazzle" \/><psicon type="Poison" \/> \/ <psicon pokemon="zamazenta" \/><psicon type="Fighting" \/> \/ <psicon pokemon="araquanid" \/><psicon type="Water" \/> \/ <psicon pokemon="lunala" \/><psicon type="Psychic" \/> \/ <psicon pokemon="primarina" \/><psicon type="Ground" \/> \/ <psicon pokemon="garchomp" \/><psicon type="Dragon" \/>
|raw|frog34's Tera Types:<br \/><psicon pokemon="groudon" \/><psicon type="Ground" \/> \/ <psicon pokemon="venusaur" \/><psicon type="Grass" \/> \/ <psicon pokemon="ragingbolt" \/><psicon type="Electric" \/> \/ <psicon pokemon="walkingwake" \/><psicon type="Water" \/> \/ <psicon pokemon="dialga" \/><psicon type="Steel" \/> \/ <psicon pokemon="articuno" \/><psicon type="Water" \/>
|teampreview
|inactive|Battle timer is ON: inactive players will automatically lose when time's up. (requested by ChillerFrost)
|inactiveoff|Battle timer is now OFF.
|j| serendipidu
|c| serendipidu|BATTL
|j| kaui
|j| Phantom0rion
|c|☆ChillerFrost|monday night battle league
|j| Ksch
|
|t:|1755566988
|teamsize|p1|6
|teamsize|p2|6
|start
|switch|p1a: Salazzle|Salazzle, F|100\/100
|switch|p2a: Mariachi|Raging Bolt|100\/100
|turn|1
|c|☆frog34|!servertime
|c| frog34|\/raw <div class="infobox">Server time: <b>8\/19\/2025, 1:29:54 AM<\/b><\/div>
|
|t:|1755567025
|move|p2a: Mariachi|Draco Meteor|p1a: Salazzle
|-enditem|p1a: Salazzle|Focus Sash
|-damage|p1a: Salazzle|1\/100
|-unboost|p2a: Mariachi|spa|2
|move|p1a: Salazzle|Toxic|p2a: Mariachi
|-status|p2a: Mariachi|tox
|
|-damage|p2a: Mariachi|94\/100 tox|[from] psn
|upkeep
|turn|2
|
|t:|1755567066
|-end|p2a: Mariachi|Protosynthesis|[silent]
|switch|p2a: Wenya|Venusaur, M|100\/100
|switch|p1a: Primarina|Primarina, F|100\/100
|
|upkeep
|turn|3
|
|t:|1755567079
|detailschange|p2a: Wenya|Venusaur-Mega, M
|-mega|p2a: Wenya|Venusaur|Venusaurite
|move|p2a: Wenya|Leech Seed|p1a: Primarina
|-start|p1a: Primarina|move: Leech Seed
|move|p1a: Primarina|Psychic Noise|p2a: Wenya
|-supereffective|p2a: Wenya
|-damage|p2a: Wenya|65\/100
|-start|p2a: Wenya|move: Heal Block
|
|-damage|p1a: Primarina|88\/100|[from] Leech Seed|[of] p2a: Wenya
|upkeep
|turn|4
|
|t:|1755567097
|move|p2a: Wenya|Sludge Bomb|p1a: Primarina
|-supereffective|p1a: Primarina
|-damage|p1a: Primarina|42\/100
|move|p1a: Primarina|Flip Turn|p2a: Wenya
|-resisted|p2a: Wenya
|-damage|p2a: Wenya|60\/100
|
|t:|1755567106
|switch|p1a: Salazzle|Salazzle, F|1\/100|[from] Flip Turn
|
|-end|p2a: Wenya|move: Heal Block
|upkeep
|turn|5
|
|t:|1755567113
|switch|p2a: Mariachi|Raging Bolt|94\/100 tox
|move|p1a: Salazzle|Endeavor|p2a: Mariachi
|-damage|p2a: Mariachi|1\/100 tox
|
|-damage|p2a: Mariachi|0 fnt|[from] psn
|faint|p2a: Mariachi
|-end|p2a: Mariachi|Protosynthesis|[silent]
|upkeep
|
|t:|1755567121
|switch|p2a: Bert|Dialga|100\/100
|-ability|p2a: Bert|Pressure
|turn|6
|
|t:|1755567135
|move|p2a: Bert|Flash Cannon|p1a: Salazzle
|-resisted|p1a: Salazzle
|-damage|p1a: Salazzle|0 fnt
|faint|p1a: Salazzle
|
|upkeep
|
|t:|1755567173
|switch|p1a: Araquanid|Araquanid, M|100\/100
|turn|7
|
|t:|1755567224
|switch|p2a: Scoo|Groudon|100\/100
|-weather|SunnyDay|[from] ability: Drought|[of] p2a: Scoo
|move|p1a: Araquanid|Sticky Web|p2a: Scoo
|-sidestart|p2: frog34|move: Sticky Web
|
|-weather|SunnyDay|[upkeep]
|upkeep
|turn|8
|
|t:|1755567232
|move|p2a: Scoo|Stealth Rock|p1a: Araquanid
|-sidestart|p1: ChillerFrost|move: Stealth Rock
|move|p1a: Araquanid|Toxic|p2a: Scoo
|-status|p2a: Scoo|tox
|
|-weather|SunnyDay|[upkeep]
|-damage|p2a: Scoo|94\/100 tox|[from] psn
|upkeep
|turn|9
|
|t:|1755567242
|move|p1a: Araquanid|Scald|p2a: Scoo
|-supereffective|p2a: Scoo
|-damage|p2a: Scoo|67\/100 tox
|move|p2a: Scoo|Roar|p1a: Araquanid
|drag|p1a: Lunala|Lunala|100\/100
|
|-weather|SunnyDay|[upkeep]
|-damage|p2a: Scoo|54\/100 tox|[from] psn
|upkeep
|turn|10
|
|t:|1755567252
|move|p1a: Lunala|Moongeist Beam|p2a: Scoo
|-damage|p2a: Scoo|3\/100 tox
|move|p2a: Scoo|Toxic|p1a: Lunala
|-status|p1a: Lunala|tox
|
|-weather|SunnyDay|[upkeep]
|-damage|p1a: Lunala|94\/100 tox|[from] psn
|-damage|p2a: Scoo|0 fnt|[from] psn
|faint|p2a: Scoo
|upkeep
|j| DoctaShock
|
|t:|1755567266
|switch|p2a: Bert|Dialga|100\/100
|-activate|p2a: Bert|move: Sticky Web
|-unboost|p2a: Bert|spe|1
|-ability|p2a: Bert|Pressure
|turn|11
|j| daotxtoad
|
|t:|1755567282
|move|p1a: Lunala|Moongeist Beam|p2a: Bert
|-damage|p2a: Bert|46\/100
|move|p2a: Bert|Draco Meteor|p1a: Lunala
|-damage|p1a: Lunala|40\/100 tox
|-unboost|p2a: Bert|spa|2
|
|-weather|SunnyDay|[upkeep]
|-damage|p1a: Lunala|28\/100 tox|[from] psn
|upkeep
|turn|12
|
|t:|1755567300
|switch|p1a: Primarina|Primarina, F|42\/100
|-damage|p1a: Primarina|29\/100|[from] Stealth Rock
|switch|p2a: Cold Star|Articuno|100\/100
|-ability|p2a: Cold Star|Pressure
|
|-weather|SunnyDay|[upkeep]
|upkeep
|turn|13
|j| tomkeap
|
|t:|1755567321
|move|p2a: Cold Star|Freeze-Dry|p1a: Primarina
|-supereffective|p1a: Primarina
|-damage|p1a: Primarina|2\/100
|move|p1a: Primarina|Moonblast|p2a: Cold Star
|-damage|p2a: Cold Star|70\/100
|
|-weather|SunnyDay|[upkeep]
|upkeep
|turn|14
|
|t:|1755567341
|move|p2a: Cold Star|Defog|p1a: Primarina
|-unboost|p1a: Primarina|evasion|1
|-sideend|p1: ChillerFrost|Stealth Rock|[from] move: Defog|[of] p2a: Cold Star
|-sideend|p2: frog34|Sticky Web|[from] move: Defog|[of] p2a: Cold Star
|move|p1a: Primarina|Psychic Noise|p2a: Cold Star
|-damage|p2a: Cold Star|56\/100
|-start|p2a: Cold Star|move: Heal Block
|
|-weather|none
|upkeep
|turn|15
|
|t:|1755567368
|move|p2a: Cold Star|Defog|p1a: Primarina
|-unboost|p1a: Primarina|evasion|1
|move|p1a: Primarina|Moonblast|p2a: Cold Star
|-damage|p2a: Cold Star|26\/100
|-unboost|p2a: Cold Star|spa|1
|
|-end|p2a: Cold Star|move: Heal Block
|upkeep
|turn|16
|
|t:|1755567384
|move|p2a: Cold Star|Roost|p2a: Cold Star
|-heal|p2a: Cold Star|76\/100
|-singleturn|p2a: Cold Star|move: Roost
|move|p1a: Primarina|Flip Turn|p2a: Cold Star
|-damage|p2a: Cold Star|58\/100
|
|t:|1755567389
|switch|p1a: Garchomp|Garchomp, F|100\/100|[from] Flip Turn
|
|upkeep
|turn|17
|
|t:|1755567434
|switch|p1a: Primarina|Primarina, F|2\/100
|-terastallize|p2a: Cold Star|Water
|move|p2a: Cold Star|Freeze-Dry|p1a: Primarina
|-supereffective|p1a: Primarina
|-damage|p1a: Primarina|0 fnt
|faint|p1a: Primarina
|
|upkeep
|
|t:|1755567459
|switch|p1a: Zamazenta|Zamazenta|100\/100
|-ability|p1a: Zamazenta|Dauntless Shield|boost
|-boost|p1a: Zamazenta|def|1
|turn|18
|
|t:|1755567485
|move|p1a: Zamazenta|Psychic Fangs|p2a: Cold Star
|-damage|p2a: Cold Star|39\/100
|move|p2a: Cold Star|Roost|p2a: Cold Star
|-heal|p2a: Cold Star|89\/100
|
|upkeep
|turn|19
|
|t:|1755567530
|move|p1a: Zamazenta|Play Rough|p2a: Cold Star
|-damage|p2a: Cold Star|68\/100
|-unboost|p2a: Cold Star|atk|1
|move|p2a: Cold Star|Freeze-Dry|p1a: Zamazenta
|-crit|p1a: Zamazenta
|-damage|p1a: Zamazenta|83\/100
|
|upkeep
|turn|20
|
|t:|1755567545
|move|p1a: Zamazenta|Close Combat|p2a: Cold Star
|-damage|p2a: Cold Star|30\/100
|-unboost|p1a: Zamazenta|def|1
|-unboost|p1a: Zamazenta|spd|1
|move|p2a: Cold Star|Roost|p2a: Cold Star
|-heal|p2a: Cold Star|80\/100
|
|upkeep
|turn|21
|
|t:|1755567589
|switch|p1a: Araquanid|Araquanid, M|100\/100
|switch|p2a: Wenya|Venusaur-Mega, M|60\/100
|
|upkeep
|turn|22
|
|t:|1755567619
|move|p2a: Wenya|Leech Seed|p1a: Araquanid
|-start|p1a: Araquanid|move: Leech Seed
|move|p1a: Araquanid|Sticky Web|p2a: Wenya
|-sidestart|p2: frog34|move: Sticky Web
|
|-damage|p1a: Araquanid|88\/100|[from] Leech Seed|[of] p2a: Wenya
|-heal|p2a: Wenya|72\/100|[silent]
|upkeep
|turn|23
|
|t:|1755567627
|switch|p1a: Zamazenta|Zamazenta|83\/100
|move|p2a: Wenya|Sludge Bomb|p1a: Zamazenta
|-damage|p1a: Zamazenta|63\/100
|
|upkeep
|turn|24
|
|t:|1755567633
|move|p1a: Zamazenta|Psychic Fangs|p2a: Wenya
|-supereffective|p2a: Wenya
|-damage|p2a: Wenya|39\/100
|move|p2a: Wenya|Synthesis|p2a: Wenya
|-heal|p2a: Wenya|89\/100
|
|upkeep
|turn|25
|l| Ksch
|
|t:|1755567638
|move|p1a: Zamazenta|Psychic Fangs|p2a: Wenya
|-supereffective|p2a: Wenya
|-crit|p2a: Wenya
|-damage|p2a: Wenya|34\/100
|move|p2a: Wenya|Leech Seed|p1a: Zamazenta
|-start|p1a: Zamazenta|move: Leech Seed
|
|-damage|p1a: Zamazenta|51\/100|[from] Leech Seed|[of] p2a: Wenya
|-heal|p2a: Wenya|47\/100|[silent]
|upkeep
|turn|26
|j| TheRealMuney
|
|t:|1755567659
|move|p1a: Zamazenta|Psychic Fangs|p2a: Wenya
|-supereffective|p2a: Wenya
|-crit|p2a: Wenya
|-damage|p2a: Wenya|0 fnt
|faint|p2a: Wenya
|detailschange|p2: Wenya|Venusaur, M|[silent]
|
|upkeep
|
|t:|1755567681
|switch|p2a: Locomotive|Walking Wake|100\/100
|-activate|p2a: Locomotive|move: Sticky Web
|-unboost|p2a: Locomotive|spe|1
|turn|27
|
|t:|1755567693
|switch|p1a: Araquanid|Araquanid, M|88\/100
|move|p2a: Locomotive|Draco Meteor|p1a: Araquanid
|-damage|p1a: Araquanid|8\/100
|-unboost|p2a: Locomotive|spa|2
|
|upkeep
|turn|28
|
|t:|1755567700
|move|p2a: Locomotive|Draco Meteor|p1a: Araquanid
|-damage|p1a: Araquanid|0 fnt
|-unboost|p2a: Locomotive|spa|2
|faint|p1a: Araquanid
|
|upkeep
|
|t:|1755567717
|switch|p1a: Garchomp|Garchomp, F|100\/100
|turn|29
|
|t:|1755567726
|-end|p2a: Locomotive|Protosynthesis|[silent]
|switch|p2a: Bert|Dialga|46\/100
|-activate|p2a: Bert|move: Sticky Web
|-unboost|p2a: Bert|spe|1
|-ability|p2a: Bert|Pressure
|move|p1a: Garchomp|Swords Dance|p1a: Garchomp
|-boost|p1a: Garchomp|atk|2
|
|upkeep
|turn|30
|
|t:|1755567743
|move|p1a: Garchomp|Scale Shot|p2a: Bert
|-damage|p2a: Bert|23\/100
|-damage|p2a: Bert|1\/100
|-damage|p2a: Bert|0 fnt
|faint|p2a: Bert
|-hitcount|p2: Bert|3
|-unboost|p1a: Garchomp|def|1
|-boost|p1a: Garchomp|spe|1
|
|upkeep
|
|t:|1755567753
|switch|p2a: Locomotive|Walking Wake|100\/100
|-activate|p2a: Locomotive|move: Sticky Web
|-unboost|p2a: Locomotive|spe|1
|turn|31
|
|t:|1755567786
|move|p1a: Garchomp|Earthquake|p2a: Locomotive
|-damage|p2a: Locomotive|0 fnt
|faint|p2a: Locomotive
|-end|p2a: Locomotive|Protosynthesis|[silent]
|
|upkeep
|
|t:|1755567790
|switch|p2a: Cold Star|Articuno, tera:Water|80\/100
|-ability|p2a: Cold Star|Pressure
|turn|32
|
|t:|1755567796
|move|p1a: Garchomp|Earthquake|p2a: Cold Star
|-crit|p2a: Cold Star
|-damage|p2a: Cold Star|0 fnt
|faint|p2a: Cold Star
|
|win|ChillerFrost
|c|☆ChillerFrost|gg
|c|☆frog34|gg
|c|☆frog34|got crit twice
|c|☆ChillerFrost|yeah you got scammed
|j| Conundromic
|c|☆frog34|FUMING

</script>
</div>
<div class="battle-log battle-log-inline"><div class="inner"><div class="battle-options"></div><div class="inner message-log"><div class="chat"><small>☆ChillerFrost and ☆frog34 joined</small></div><div class=""><small>Format:</small> <br><strong>[Gen 9] NatDex Draft</strong></div><div class=""><small><em>Tera Type Preview:</em> Tera Types are shown at Team Preview</small></div><div class=""><small><em>Sleep Clause Mod:</em> Limit one foe put to sleep</small></div><div class=""><small><em>OHKO Clause:</em> OHKO moves are banned</small></div><div class=""><small><em>Evasion Clause:</em> Evasion abilities, items, and moves are banned</small></div><div class=""><small><em>Evasion Abilities Clause:</em> Evasion abilities are banned</small></div><div class=""><small><em>Evasion Items Clause:</em> Evasion items are banned</small></div><div class=""><small><em>Evasion Moves Clause:</em> Evasion moves are banned</small></div><div class=""><small><em>Endless Battle Clause:</em> Forcing endless battles is banned</small></div><div class=""><small><em>HP Percentage Mod:</em> HP is shown in percentages</small></div><div class="chat"><div class="infobox"><details class="readmore" open=""><summary><strong>1 custom rule:</strong></summary> Tera Type Preview</details></div></div><div class="chat">ChillerFrost's Tera Types:<br><span class="picon" style="background:transparent url(https://play.pokemonshowdown.com/sprites/pokemonicons-sheet.png?v19) no-repeat scroll -80px -1890px"></span><img src="https://play.pokemonshowdown.com/sprites/types/Poison.png" alt="Poison" height="14" width="32" class="pixelated"> / <span class="picon" style="background:transparent url(https://play.pokemonshowdown.com/sprites/pokemonicons-sheet.png?v19) no-repeat scroll -40px -2220px"></span><img src="https://play.pokemonshowdown.com/sprites/types/Fighting.png" alt="Fighting" height="14" width="32" class="pixelated"> / <span class="picon" style="background:transparent url(https://play.pokemonshowdown.com/sprites/pokemonicons-sheet.png?v19) no-repeat scroll -320px -1860px"></span><img src="https://play.pokemonshowdown.com/sprites/types/Water.png" alt="Water" height="14" width="32" class="pixelated"> / <span class="picon" style="background:transparent url(https://play.pokemonshowdown.com/sprites/pokemonicons-sheet.png?v19) no-repeat scroll -0px -1980px"></span><img src="https://play.pokemonshowdown.com/sprites/types/Psychic.png" alt="Psychic" height="14" width="32" class="pixelated"> / <span class="picon" style="background:transparent url(https://play.pokemonshowdown.com/sprites/pokemonicons-sheet.png?v19) no-repeat scroll -400px -1800px"></span><img src="https://play.pokemonshowdown.com/sprites/types/Ground.png" alt="Ground" height="14" width="32" class="pixelated"> / <span class="picon" style="background:transparent url(https://play.pokemonshowdown.com/sprites/pokemonicons-sheet.png?v19) no-repeat scroll -40px -1110px"></span><img src="https://play.pokemonshowdown.com/sprites/types/Dragon.png" alt="Dragon" height="14" width="32" class="pixelated"></div><div class="chat">frog34's Tera Types:<br><span class="picon" style="background:transparent url(https://play.pokemonshowdown.com/sprites/pokemonicons-sheet.png?v19) no-repeat scroll -440px -930px"></span><img src="https://play.pokemonshowdown.com/sprites/types/Ground.png" alt="Ground" height="14" width="32" class="pixelated"> / <span class="picon" style="background:transparent url(https://play.pokemonshowdown.com/sprites/pokemonicons-sheet.png?v19) no-repeat scroll -120px -0px"></span><img src="https://play.pokemonshowdown.com/sprites/types/Grass.png" alt="Grass" height="14" width="32" class="pixelated"> / <span class="picon" style="background:transparent url(https://play.pokemonshowdown.com/sprites/pokemonicons-sheet.png?v19) no-repeat scroll -40px -2550px"></span><img src="https://play.pokemonshowdown.com/sprites/types/Electric.png" alt="Electric" height="14" width="32" class="pixelated"> / <span class="picon" style="background:transparent url(https://play.pokemonshowdown.com/sprites/pokemonicons-sheet.png?v19) no-repeat scroll -40px -2520px"></span><img src="https://play.pokemonshowdown.com/sprites/types/Water.png" alt="Water" height="14" width="32" class="pixelated"> / <span class="picon" style="background:transparent url(https://play.pokemonshowdown.com/sprites/pokemonicons-sheet.png?v19) no-repeat scroll -120px -1200px"></span><img src="https://play.pokemonshowdown.com/sprites/types/Steel.png" alt="Steel" height="14" width="32" class="pixelated"> / <span class="picon" style="background:transparent url(https://play.pokemonshowdown.com/sprites/pokemonicons-sheet.png?v19) no-repeat scroll -0px -360px"></span><img src="https://play.pokemonshowdown.com/sprites/types/Water.png" alt="Water" height="14" width="32" class="pixelated"></div><div class="chat battle-history"><strong>ChillerFrost's team:</strong> <em style="color:#445566;display:block;">Salazzle / Zamazenta-* / Araquanid / Lunala / Primarina / Garchomp</em></div><div class="chat battle-history"><strong>frog34's team:</strong> <em style="color:#445566;display:block;">Groudon / Venusaur / Raging Bolt / Walking Wake / Dialga / Articuno</em></div><div class="chat message-error">Battle timer is ON: inactive players will automatically lose when time's up. (requested by ChillerFrost)</div><div class="chat message-error">Battle timer is now OFF.</div><div class="chat"><small> serendipidu joined</small></div><div class="chat chatmessage-serendipidu"><strong style="color:#7c53d9"><small class="groupsymbol"> </small><span class="username">serendipidu</span>:</strong> <em>BATTL</em></div><div class="chat"><small> kaui and  Phantom0rion joined</small></div><div class="chat chatmessage-chillerfrost"><strong style="color:#2aaa9b"><small class="groupsymbol">☆</small><span class="username">ChillerFrost</span>:</strong> <em>monday night battle league</em></div><div class="chat"><small> Ksch joined</small></div><div class="spacer battle-history"><br></div><div class="battle-history">Battle started between ChillerFrost and frog34!<br></div><div class="spacer battle-history"><br></div><div class="battle-history">Go! <strong>Salazzle</strong>!<br></div><div class="spacer battle-history"><br></div><div class="battle-history">frog34 sent out Mariachi (<strong>Raging Bolt</strong>)!<br></div><div class="spacer battle-history"><br></div><h2 class="battle-history">Turn 1</h2><div class="chat chatmessage-frog34"><strong style="color:#3fa716"><small class="groupsymbol">☆</small><span class="username">frog34</span>:</strong> <em>!servertime</em></div><div class="chat"><div class="infobox">Server time: <b>8/19/2025, 1:29:54 AM</b></div></div><div class="spacer battle-history"><br></div><div class="battle-history">The opposing Mariachi used <strong>Draco Meteor</strong>!<br></div><div class="battle-history"><small>Salazzle hung on using its Focus Sash!</small><br></div><div class="battle-history"><small>(Salazzle lost 99% of its health!)</small><br></div><div class="battle-history"><small>The opposing Mariachi's Sp. Atk fell harshly!</small><br></div><div class="spacer battle-history"><br></div><div class="battle-history">Salazzle used <strong>Toxic</strong>!<br></div><div class="battle-history"><small>The opposing Mariachi was badly poisoned!</small><br></div><div class="spacer battle-history"><br></div><div class="battle-history"><small>The opposing Mariachi was hurt by poison!</small><br></div><div class="spacer battle-history"><br></div><h2 class="battle-history">Turn 2</h2><div class="spacer battle-history"><br></div><div class="battle-history">frog34 withdrew Mariachi!<br></div><div class="battle-history">frog34 sent out Wenya (<strong>Venusaur</strong>)!<br></div><div class="spacer battle-history"><br></div><div class="battle-history">Salazzle, come back!<br></div><div class="battle-history">Go! <strong>Primarina</strong>!<br></div><div class="spacer battle-history"><br></div><h2 class="battle-history">Turn 3</h2><div class="spacer battle-history"><br></div><div class="battle-history"><small>The opposing Wenya's Venusaurite is reacting to the Key Stone!</small><br>The opposing Wenya has Mega Evolved into Mega Venusaur!<br></div><div class="spacer battle-history"><br></div><div class="battle-history">The opposing Wenya used <strong>Leech Seed</strong>!<br></div><div class="battle-history"><small>Primarina was seeded!</small><br></div><div class="spacer battle-history"><br></div><div class="battle-history">Primarina used <strong>Psychic Noise</strong>!<br></div><div class="battle-history"><small>It's super effective!</small><br></div><div class="battle-history"><small>(The opposing Wenya lost 35% of its health!)</small><br></div><div class="battle-history"><small>The opposing Wenya was prevented from healing!</small><br></div><div class="spacer battle-history"><br></div><div class="battle-history"><small>Primarina's health is sapped by Leech Seed!</small><br></div><div class="spacer battle-history"><br></div><h2 class="battle-history">Turn 4</h2><div class="spacer battle-history"><br></div><div class="battle-history">The opposing Wenya used <strong>Sludge Bomb</strong>!<br></div><div class="battle-history"><small>It's super effective!</small><br></div><div class="battle-history"><small>(Primarina lost 46% of its health!)</small><br></div><div class="spacer battle-history"><br></div><div class="battle-history">Primarina used <strong>Flip Turn</strong>!<br></div><div class="battle-history"><small>It's not very effective...</small><br></div><div class="battle-history"><small>(The opposing Wenya lost 5% of its health!)</small><br></div><div class="spacer battle-history"><br></div><div class="battle-history">Primarina went back to ChillerFrost!<br></div><div class="battle-history">Go! <strong>Salazzle</strong>!<br></div><div class="spacer battle-history"><br></div><div class="battle-history"><small>The opposing Wenya's Heal Block wore off!</small><br></div><div class="spacer battle-history"><br></div><h2 class="battle-history">Turn 5</h2><div class="spacer battle-history"><br></div><div class="battle-history">frog34 withdrew Wenya!<br></div><div class="battle-history">frog34 sent out Mariachi (<strong>Raging Bolt</strong>)!<br></div><div class="spacer battle-history"><br></div><div class="battle-history">Salazzle used <strong>Endeavor</strong>!<br></div><div class="battle-history"><small>(The opposing Mariachi lost 93% of its health!)</small><br></div><div class="spacer battle-history"><br></div><div class="battle-history"><small>The opposing Mariachi was hurt by poison!</small><br></div><div class="spacer battle-history"><br></div><div class="battle-history">The opposing Mariachi fainted!<br></div><div class="spacer battle-history"><br></div><div class="battle-history">frog34 sent out Bert (<strong>Dialga</strong>)!<br></div><div class="battle-history">[The opposing Bert's Pressure]<br><small>The opposing Bert is exerting its pressure!</small><br></div><div class="spacer battle-history"><br></div><h2 class="battle-history">Turn 6</h2><div class="spacer battle-history"><br></div><div class="battle-history">The opposing Bert used <strong>Flash Cannon</strong>!<br></div><div class="battle-history"><small>It's not very effective...</small><br></div><div class="battle-history"><small>(Salazzle lost 1% of its health!)</small><br></div><div class="spacer battle-history"><br></div><div class="battle-history">Salazzle fainted!<br></div><div class="spacer battle-history"><br></div><div class="battle-history">Go! <strong>Araquanid</strong>!<br></div><div class="spacer battle-history"><br></div><h2 class="battle-history">Turn 7</h2><div class="spacer battle-history"><br></div><div class="battle-history">frog34 withdrew Bert!<br></div><div class="battle-history">frog34 sent out Scoo (<strong>Groudon</strong>)!<br></div><div class="battle-history">[The opposing Scoo's Drought]<br><small>The sunlight turned harsh!</small><br></div><div class="spacer battle-history"><br></div><div class="battle-history">Araquanid used <strong>Sticky Web</strong>!<br></div><div class="battle-history"><small>A sticky web has been laid out on the ground around the opposing team!</small><br></div><div class="spacer battle-history"><br></div><div class="battle-history"><small>(The sunlight is strong.)</small><br></div><div class="spacer battle-history"><br></div><h2 class="battle-history">Turn 8</h2><div class="spacer battle-history"><br></div><div class="battle-history">The opposing Scoo used <strong>Stealth Rock</strong>!<br></div><div class="battle-history"><small>Pointed stones float in the air around your team!</small><br></div><div class="spacer battle-history"><br></div><div class="battle-history">Araquanid used <strong>Toxic</strong>!<br></div><div class="battle-history"><small>The opposing Scoo was badly poisoned!</small><br></div><div class="spacer battle-history"><br></div><div class="battle-history"><small>(The sunlight is strong.)</small><br></div><div class="battle-history"><small>The opposing Scoo was hurt by poison!</small><br></div><div class="spacer battle-history"><br></div><h2 class="battle-history">Turn 9</h2><div class="spacer battle-history"><br></div><div class="battle-history">Araquanid used <strong>Scald</strong>!<br></div><div class="battle-history"><small>It's super effective!</small><br></div><div class="battle-history"><small>(The opposing Scoo lost 27% of its health!)</small><br></div><div class="spacer battle-history"><br></div><div class="battle-history">The opposing Scoo used <strong>Roar</strong>!<br></div><div class="spacer battle-history"><br></div><div class="battle-history"><strong>Lunala</strong> was dragged out!<br></div><div class="spacer battle-history"><br></div><div class="battle-history"><small>(The sunlight is strong.)</small><br></div><div class="battle-history"><small>The opposing Scoo was hurt by poison!</small><br></div><div class="spacer battle-history"><br></div><h2 class="battle-history">Turn 10</h2><div class="spacer battle-history"><br></div><div class="battle-history">Lunala used <strong>Moongeist Beam</strong>!<br></div><div class="battle-history"><small>(The opposing Scoo lost 51% of its health!)</small><br></div><div class="spacer battle-history"><br></div><div class="battle-history">The opposing Scoo used <strong>Toxic</strong>!<br></div><div class="battle-history"><small>Lunala was badly poisoned!</small><br></div><div class="spacer battle-history"><br></div><div class="battle-history"><small>(The sunlight is strong.)</small><br></div><div class="battle-history"><small>Lunala was hurt by poison!</small><br></div><div class="battle-history"><small>The opposing Scoo was hurt by poison!</small><br></div><div class="spacer battle-history"><br></div><div class="battle-history">The opposing Scoo fainted!<br></div><div class="chat"><small> DoctaShock joined</small></div><div class="spacer battle-history"><br></div><div class="battle-history">frog34 sent out Bert (<strong>Dialga</strong>)!<br></div><div class="battle-history"><small>The opposing Bert was caught in a sticky web!</small><br></div><div class="battle-history"><small>The opposing Bert's Speed fell!</small><br></div><div class="battle-history">[The opposing Bert's Pressure]<br><small>The opposing Bert is exerting its pressure!</small><br></div><div class="spacer battle-history"><br></div><h2 class="battle-history">Turn 11</h2><div class="chat"><small> daotxtoad joined</small></div><div class="spacer battle-history"><br></div><div class="battle-history">Lunala used <strong>Moongeist Beam</strong>!<br></div><div class="battle-history"><small>(The opposing Bert lost 54% of its health!)</small><br></div><div class="spacer battle-history"><br></div><div class="battle-history">The opposing Bert used <strong>Draco Meteor</strong>!<br></div><div class="battle-history"><small>(Lunala lost 54% of its health!)</small><br></div><div class="battle-history"><small>The opposing Bert's Sp. Atk fell harshly!</small><br></div><div class="spacer battle-history"><br></div><div class="battle-history"><small>(The sunlight is strong.)</small><br></div><div class="battle-history"><small>Lunala was hurt by poison!</small><br></div><div class="spacer battle-history"><br></div><h2 class="battle-history">Turn 12</h2><div class="spacer battle-history"><br></div><div class="battle-history">Lunala, come back!<br></div><div class="battle-history">Go! <strong>Primarina</strong>!<br></div><div class="battle-history"><small>Pointed stones dug into Primarina!</small><br></div><div class="spacer battle-history"><br></div><div class="battle-history">frog34 withdrew Bert!<br></div><div class="battle-history">frog34 sent out Cold Star (<strong>Articuno</strong>)!<br></div><div class="battle-history">[The opposing Cold Star's Pressure]<br><small>The opposing Cold Star is exerting its pressure!</small><br></div><div class="spacer battle-history"><br></div><div class="battle-history"><small>(The sunlight is strong.)</small><br></div><div class="spacer battle-history"><br></div><h2 class="battle-history">Turn 13</h2><div class="chat"><small> tomkeap joined</small></div><div class="spacer battle-history"><br></div><div class="battle-history">The opposing Cold Star used <strong>Freeze-Dry</strong>!<br></div><div class="battle-history"><small>It's super effective!</small><br></div><div class="battle-history"><small>(Primarina lost 27% of its health!)</small><br></div><div class="spacer battle-history"><br></div><div class="battle-history">Primarina used <strong>Moonblast</strong>!<br></div><div class="battle-history"><small>(The opposing Cold Star lost 30% of its health!)</small><br></div><div class="spacer battle-history"><br></div><div class="battle-history"><small>(The sunlight is strong.)</small><br></div><div class="spacer battle-history"><br></div><h2 class="battle-history">Turn 14</h2><div class="spacer battle-history"><br></div><div class="battle-history">The opposing Cold Star used <strong>Defog</strong>!<br></div><div class="battle-history"><small>Primarina's evasiveness fell!</small><br></div><div class="battle-history"><small>The pointed stones disappeared from around your team!</small><br></div><div class="battle-history"><small>The sticky web has disappeared from the ground around the opposing team!</small><br></div><div class="spacer battle-history"><br></div><div class="battle-history">Primarina used <strong>Psychic Noise</strong>!<br></div><div class="battle-history"><small>(The opposing Cold Star lost 14% of its health!)</small><br></div><div class="battle-history"><small>The opposing Cold Star was prevented from healing!</small><br></div><div class="spacer battle-history"><br></div><div class="battle-history"><small>The harsh sunlight faded.</small><br></div><div class="spacer battle-history"><br></div><h2 class="battle-history">Turn 15</h2><div class="spacer battle-history"><br></div><div class="battle-history">The opposing Cold Star used <strong>Defog</strong>!<br></div><div class="battle-history"><small>Primarina's evasiveness fell!</small><br></div><div class="spacer battle-history"><br></div><div class="battle-history">Primarina used <strong>Moonblast</strong>!<br></div><div class="battle-history"><small>(The opposing Cold Star lost 30% of its health!)</small><br></div><div class="battle-history"><small>The opposing Cold Star's Sp. Atk fell!</small><br></div><div class="spacer battle-history"><br></div><div class="battle-history"><small>The opposing Cold Star's Heal Block wore off!</small><br></div><div class="spacer battle-history"><br></div><h2 class="battle-history">Turn 16</h2><div class="spacer battle-history"><br></div><div class="battle-history">The opposing Cold Star used <strong>Roost</strong>!<br></div><div class="battle-history"><small>The opposing Cold Star had its HP restored.</small><br></div><div class="battle-history"><small>(The opposing Cold Star loses Flying type this turn.)</small><br></div><div class="spacer battle-history"><br></div><div class="battle-history">Primarina used <strong>Flip Turn</strong>!<br></div><div class="battle-history"><small>(The opposing Cold Star lost 18% of its health!)</small><br></div><div class="spacer battle-history"><br></div><div class="battle-history">Primarina went back to ChillerFrost!<br></div><div class="battle-history">Go! <strong>Garchomp</strong>!<br></div><div class="spacer battle-history"><br></div><h2 class="battle-history">Turn 17</h2><div class="spacer battle-history"><br></div><div class="battle-history">Garchomp, come back!<br></div><div class="battle-history">Go! <strong>Primarina</strong>!<br></div><div class="spacer battle-history"><br></div><div class="battle-history"><small>The opposing Cold Star has Terastallized into the Water-type!</small><br></div><div class="spacer battle-history"><br></div><div class="battle-history">The opposing Cold Star used <strong>Freeze-Dry</strong>!<br></div><div class="battle-history"><small>It's super effective!</small><br></div><div class="battle-history"><small>(Primarina lost 2% of its health!)</small><br></div><div class="spacer battle-history"><br></div><div class="battle-history">Primarina fainted!<br></div><div class="spacer battle-history"><br></div><div class="battle-history">Go! <strong>Zamazenta</strong>!<br></div><div class="battle-history">[Zamazenta's Dauntless Shield]<br></div><div class="battle-history"><small>Zamazenta's Defense rose!</small><br></div><div class="spacer battle-history"><br></div><h2 class="battle-history">Turn 18</h2><div class="spacer battle-history"><br></div><div class="battle-history">Zamazenta used <strong>Psychic Fangs</strong>!<br></div><div class="battle-history"><small>(The opposing Cold Star lost 19% of its health!)</small><br></div><div class="spacer battle-history"><br></div><div class="battle-history">The opposing Cold Star used <strong>Roost</strong>!<br></div><div class="battle-history"><small>The opposing Cold Star had its HP restored.</small><br></div><div class="spacer battle-history"><br></div><h2 class="battle-history">Turn 19</h2><div class="spacer battle-history"><br></div><div class="battle-history">Zamazenta used <strong>Play Rough</strong>!<br></div><div class="battle-history"><small>(The opposing Cold Star lost 21% of its health!)</small><br></div><div class="battle-history"><small>The opposing Cold Star's Attack fell!</small><br></div><div class="spacer battle-history"><br></div><div class="battle-history">The opposing Cold Star used <strong>Freeze-Dry</strong>!<br></div><div class="battle-history"><small>A critical hit!</small><br></div><div class="battle-history"><small>(Zamazenta lost 17% of its health!)</small><br></div><div class="spacer battle-history"><br></div><h2 class="battle-history">Turn 20</h2><div class="spacer battle-history"><br></div><div class="battle-history">Zamazenta used <strong>Close Combat</strong>!<br></div><div class="battle-history"><small>(The opposing Cold Star lost 38% of its health!)</small><br></div><div class="battle-history"><small>Zamazenta's Defense fell!</small><br></div><div class="battle-history"><small>Zamazenta's Sp. Def fell!</small><br></div><div class="spacer battle-history"><br></div><div class="battle-history">The opposing Cold Star used <strong>Roost</strong>!<br></div><div class="battle-history"><small>The opposing Cold Star had its HP restored.</small><br></div><div class="spacer battle-history"><br></div><h2 class="battle-history">Turn 21</h2><div class="spacer battle-history"><br></div><div class="battle-history">Zamazenta, come back!<br></div><div class="battle-history">Go! <strong>Araquanid</strong>!<br></div><div class="spacer battle-history"><br></div><div class="battle-history">frog34 withdrew Cold Star!<br></div><div class="battle-history">frog34 sent out Wenya (<strong>Venusaur-Mega</strong>)!<br></div><div class="spacer battle-history"><br></div><h2 class="battle-history">Turn 22</h2><div class="spacer battle-history"><br></div><div class="battle-history">The opposing Wenya used <strong>Leech Seed</strong>!<br></div><div class="battle-history"><small>Araquanid was seeded!</small><br></div><div class="spacer battle-history"><br></div><div class="battle-history">Araquanid used <strong>Sticky Web</strong>!<br></div><div class="battle-history"><small>A sticky web has been laid out on the ground around the opposing team!</small><br></div><div class="spacer battle-history"><br></div><div class="battle-history"><small>Araquanid's health is sapped by Leech Seed!</small><br></div><div class="spacer battle-history"><br></div><h2 class="battle-history">Turn 23</h2><div class="spacer battle-history"><br></div><div class="battle-history">Araquanid, come back!<br></div><div class="battle-history">Go! <strong>Zamazenta</strong>!<br></div><div class="spacer battle-history"><br></div><div class="battle-history">The opposing Wenya used <strong>Sludge Bomb</strong>!<br></div><div class="battle-history"><small>(Zamazenta lost 20% of its health!)</small><br></div><div class="spacer battle-history"><br></div><h2 class="battle-history">Turn 24</h2><div class="spacer battle-history"><br></div><div class="battle-history">Zamazenta used <strong>Psychic Fangs</strong>!<br></div><div class="battle-history"><small>It's super effective!</small><br></div><div class="battle-history"><small>(The opposing Wenya lost 33% of its health!)</small><br></div><div class="spacer battle-history"><br></div><div class="battle-history">The opposing Wenya used <strong>Synthesis</strong>!<br></div><div class="battle-history"><small>The opposing Wenya had its HP restored.</small><br></div><div class="spacer battle-history"><br></div><h2 class="battle-history">Turn 25</h2><div class="chat"><small> Ksch left</small></div><div class="spacer battle-history"><br></div><div class="battle-history">Zamazenta used <strong>Psychic Fangs</strong>!<br></div><div class="battle-history"><small>It's super effective!</small><br></div><div class="battle-history"><small>A critical hit!</small><br></div><div class="battle-history"><small>(The opposing Wenya lost 55% of its health!)</small><br></div><div class="spacer battle-history"><br></div><div class="battle-history">The opposing Wenya used <strong>Leech Seed</strong>!<br></div><div class="battle-history"><small>Zamazenta was seeded!</small><br></div><div class="spacer battle-history"><br></div><div class="battle-history"><small>Zamazenta's health is sapped by Leech Seed!</small><br></div><div class="spacer battle-history"><br></div><h2 class="battle-history">Turn 26</h2><div class="chat"><small> TheRealMuney joined</small></div><div class="spacer battle-history"><br></div><div class="battle-history">Zamazenta used <strong>Psychic Fangs</strong>!<br></div><div class="battle-history"><small>It's super effective!</small><br></div><div class="battle-history"><small>A critical hit!</small><br></div><div class="battle-history"><small>(The opposing Wenya lost 47% of its health!)</small><br></div><div class="spacer battle-history"><br></div><div class="battle-history">The opposing Wenya fainted!<br></div><div class="spacer battle-history"><br></div><div class="battle-history">frog34 sent out Locomotive (<strong>Walking Wake</strong>)!<br></div><div class="battle-history"><small>The opposing Locomotive was caught in a sticky web!</small><br></div><div class="battle-history"><small>The opposing Locomotive's Speed fell!</small><br></div><div class="spacer battle-history"><br></div><h2 class="battle-history">Turn 27</h2><div class="spacer battle-history"><br></div><div class="battle-history">Zamazenta, come back!<br></div><div class="battle-history">Go! <strong>Araquanid</strong>!<br></div><div class="spacer battle-history"><br></div><div class="battle-history">The opposing Locomotive used <strong>Draco Meteor</strong>!<br></div><div class="battle-history"><small>(Araquanid lost 80% of its health!)</small><br></div><div class="battle-history"><small>The opposing Locomotive's Sp. Atk fell harshly!</small><br></div><div class="spacer battle-history"><br></div><h2 class="battle-history">Turn 28</h2><div class="spacer battle-history"><br></div><div class="battle-history">The opposing Locomotive used <strong>Draco Meteor</strong>!<br></div><div class="battle-history"><small>(Araquanid lost 8% of its health!)</small><br></div><div class="battle-history"><small>The opposing Locomotive's Sp. Atk fell harshly!</small><br></div><div class="spacer battle-history"><br></div><div class="battle-history">Araquanid fainted!<br></div><div class="spacer battle-history"><br></div><div class="battle-history">Go! <strong>Garchomp</strong>!<br></div><div class="spacer battle-history"><br></div><h2 class="battle-history">Turn 29</h2><div class="spacer battle-history"><br></div><div class="battle-history">frog34 withdrew Locomotive!<br></div><div class="battle-history">frog34 sent out Bert (<strong>Dialga</strong>)!<br></div><div class="battle-history"><small>The opposing Bert was caught in a sticky web!</small><br></div><div class="battle-history"><small>The opposing Bert's Speed fell!</small><br></div><div class="battle-history">[The opposing Bert's Pressure]<br><small>The opposing Bert is exerting its pressure!</small><br></div><div class="spacer battle-history"><br></div><div class="battle-history">Garchomp used <strong>Swords Dance</strong>!<br></div><div class="battle-history"><small>Garchomp's Attack rose sharply!</small><br></div><div class="spacer battle-history"><br></div><h2 class="battle-history">Turn 30</h2><div class="spacer battle-history"><br></div><div class="battle-history">Garchomp used <strong>Scale Shot</strong>!<br></div><div class="battle-history"><small>(The opposing Bert lost 23% of its health!)</small><br></div><div class="battle-history"><small>(The opposing Bert lost 22% of its health!)</small><br></div><div class="battle-history"><small>(The opposing Bert lost 1% of its health!)</small><br></div><div class="spacer battle-history"><br></div><div class="battle-history">The opposing Bert fainted!<br></div><div class="battle-history"><small>The Pokémon was hit 3 times!</small><br></div><div class="battle-history"><small>Garchomp's Defense fell!</small><br></div><div class="battle-history"><small>Garchomp's Speed rose!</small><br></div><div class="spacer battle-history"><br></div><div class="battle-history">frog34 sent out Locomotive (<strong>Walking Wake</strong>)!<br></div><div class="battle-history"><small>The opposing Locomotive was caught in a sticky web!</small><br></div><div class="battle-history"><small>The opposing Locomotive's Speed fell!</small><br></div><div class="spacer battle-history"><br></div><h2 class="battle-history">Turn 31</h2><div class="spacer battle-history"><br></div><div class="battle-history">Garchomp used <strong>Earthquake</strong>!<br></div><div class="battle-history"><small>(The opposing Locomotive lost 100% of its health!)</small><br></div><div class="spacer battle-history"><br></div><div class="battle-history">The opposing Locomotive fainted!<br></div><div class="spacer battle-history"><br></div><div class="battle-history">frog34 sent out Cold Star (<strong>Articuno</strong>)!<br></div><div class="battle-history">[The opposing Cold Star's Pressure]<br><small>The opposing Cold Star is exerting its pressure!</small><br></div><div class="spacer battle-history"><br></div><h2 class="battle-history">Turn 32</h2><div class="spacer battle-history"><br></div><div class="battle-history">Garchomp used <strong>Earthquake</strong>!<br></div><div class="battle-history"><small>A critical hit!</small><br></div><div class="battle-history"><small>(The opposing Cold Star lost 80% of its health!)</small><br></div><div class="spacer battle-history"><br></div><div class="battle-history">The opposing Cold Star fainted!<br></div><div class="spacer battle-history"><br></div><div class="battle-history"><strong>ChillerFrost</strong> won the battle!<br></div><div class="chat chatmessage-chillerfrost"><strong style="color:#2aaa9b"><small class="groupsymbol">☆</small><span class="username">ChillerFrost</span>:</strong> <em>gg</em></div><div class="chat chatmessage-frog34"><strong style="color:#3fa716"><small class="groupsymbol">☆</small><span class="username">frog34</span>:</strong> <em>gg</em></div><div class="chat chatmessage-frog34"><strong style="color:#3fa716"><small class="groupsymbol">☆</small><span class="username">frog34</span>:</strong> <em>got crit twice</em></div><div class="chat chatmessage-chillerfrost"><strong style="color:#2aaa9b"><small class="groupsymbol">☆</small><span class="username">ChillerFrost</span>:</strong> <em>yeah you got scammed</em></div><div class="chat"><small> Conundromic joined</small></div><div class="chat chatmessage-frog34"><strong style="color:#3fa716"><small class="groupsymbol">☆</small><span class="username">frog34</span>:</strong> <em>FUMING</em></div></div><div class="inner-preempt message-log"></div></div></div>
</div>
<script>
let daily = Math.floor(Date.now()/1000/60/60/24);document.write('<script src="https://play.pokemonshowdown.com/js/replay-embed.js?version'+daily+'"></'+'script>');
</script>
