<!DOCTYPE html>
<meta charset="utf-8" />
<!-- version 1 -->
<title>[Gen 9] NatDex Draft replay: DoctaShock vs. Prime13576</title>
<style>
html,body {font-family:Verdana, sans-serif;font-size:10pt;margin:0;padding:0;}body{padding:12px 0;} .battle-log {font-family:Verdana, sans-serif;font-size:10pt;} .battle-log-inline {border:1px solid #AAAAAA;background:#EEF2F5;color:black;max-width:640px;margin:0 auto 80px;padding-bottom:5px;} .battle-log .inner {padding:4px 8px 0px 8px;} .battle-log .inner-preempt {padding:0 8px 4px 8px;} .battle-log .inner-after {margin-top:0.5em;} .battle-log h2 {margin:0.5em -8px;padding:4px 8px;border:1px solid #AAAAAA;background:#E0E7EA;border-left:0;border-right:0;font-family:Verdana, sans-serif;font-size:13pt;} .battle-log .chat {vertical-align:middle;padding:3px 0 3px 0;font-size:8pt;} .battle-log .chat strong {color:#40576A;} .battle-log .chat em {padding:1px 4px 1px 3px;color:#000000;font-style:normal;} .chat.mine {background:rgba(0,0,0,0.05);margin-left:-8px;margin-right:-8px;padding-left:8px;padding-right:8px;} .spoiler {color:#BBBBBB;background:#BBBBBB;padding:0px 3px;} .spoiler:hover, .spoiler:active, .spoiler-shown {color:#000000;background:#E2E2E2;padding:0px 3px;} .spoiler a {color:#BBBBBB;} .spoiler:hover a, .spoiler:active a, .spoiler-shown a {color:#2288CC;} .chat code, .chat .spoiler:hover code, .chat .spoiler:active code, .chat .spoiler-shown code {border:1px solid #C0C0C0;background:#EEEEEE;color:black;padding:0 2px;} .chat .spoiler code {border:1px solid #CCCCCC;background:#CCCCCC;color:#CCCCCC;} .battle-log .rated {padding:3px 4px;} .battle-log .rated strong {color:white;background:#89A;padding:1px 4px;border-radius:4px;} .spacer {margin-top:0.5em;} .message-announce {background:#6688AA;color:white;padding:1px 4px 2px;} .message-announce a, .broadcast-green a, .broadcast-blue a, .broadcast-red a {color:#DDEEFF;} .broadcast-green {background-color:#559955;color:white;padding:2px 4px;} .broadcast-blue {background-color:#6688AA;color:white;padding:2px 4px;} .infobox {border:1px solid #6688AA;padding:2px 4px;} .infobox-limited {max-height:200px;overflow:auto;overflow-x:hidden;} .broadcast-red {background-color:#AA5544;color:white;padding:2px 4px;} .message-learn-canlearn {font-weight:bold;color:#228822;text-decoration:underline;} .message-learn-cannotlearn {font-weight:bold;color:#CC2222;text-decoration:underline;} .message-effect-weak {font-weight:bold;color:#CC2222;} .message-effect-resist {font-weight:bold;color:#6688AA;} .message-effect-immune {font-weight:bold;color:#666666;} .message-learn-list {margin-top:0;margin-bottom:0;} .message-throttle-notice, .message-error {color:#992222;} .message-overflow, .chat small.message-overflow {font-size:0pt;} .message-overflow::before {font-size:9pt;content:'...';} .subtle {color:#3A4A66;}
</style>
<div class="wrapper replay-wrapper" style="max-width:1180px;margin:0 auto">
<input type="hidden" name="replayid" value="gen9natdexdraft-2423376350" />
<div class="battle"></div><div class="battle-log"></div><div class="replay-controls"></div><div class="replay-controls-2"></div>
<h1 style="font-weight:normal;text-align:center"><strong>[Gen 9] NatDex Draft</strong><br /><a href="http://pokemonshowdown.com/users/doctashock" class="subtle" target="_blank">DoctaShock</a> vs. <a href="http://pokemonshowdown.com/users/prime13576" class="subtle" target="_blank">Prime13576</a></h1>
<script type="text/plain" class="battle-log-data">
|j|☆DoctaShock
|j|☆Prime13576
|t:|1755457460
|gametype|singles
|player|p1|DoctaShock|1|
|player|p2|Prime13576|101|
|gen|9
|tier|[Gen 9] NatDex Draft
|rule|Tera Type Preview: Tera Types are shown at Team Preview
|rule|Sleep Clause Mod: Limit one foe put to sleep
|rule|OHKO Clause: OHKO moves are banned
|rule|Evasion Clause: Evasion abilities, items, and moves are banned
|rule|Evasion Abilities Clause: Evasion abilities are banned
|rule|Evasion Items Clause: Evasion items are banned
|rule|Evasion Moves Clause: Evasion moves are banned
|rule|Endless Battle Clause: Forcing endless battles is banned
|rule|HP Percentage Mod: HP is shown in percentages
|raw|<div class="infobox"><details class="readmore" open><summary><strong>1 custom rule:<\/strong><\/summary> Tera Type Preview<\/details><\/div>
|clearpoke
|poke|p1|Conkeldurr, F|
|poke|p1|Ho-Oh|
|poke|p1|Gliscor, F|
|poke|p1|Palkia|
|poke|p1|Enamorus-Therian, F|
|poke|p1|Slowking, F|
|poke|p2|Kyurem-Black|
|poke|p2|Naganadel|
|poke|p2|Gallade, M|
|poke|p2|Celesteela|
|poke|p2|Cinderace, F|
|poke|p2|Gastrodon, F|
|raw|DoctaShock's Tera Types:<br \/><psicon pokemon="conkeldurr" \/><psicon type="Fighting" \/> \/ <psicon pokemon="hooh" \/><psicon type="Fairy" \/> \/ <psicon pokemon="gliscor" \/><psicon type="Ground" \/> \/ <psicon pokemon="palkia" \/><psicon type="Water" \/> \/ <psicon pokemon="enamorustherian" \/><psicon type="Fire" \/> \/ <psicon pokemon="slowking" \/><psicon type="Water" \/>
|raw|Prime13576's Tera Types:<br \/><psicon pokemon="kyuremblack" \/><psicon type="Dragon" \/> \/ <psicon pokemon="naganadel" \/><psicon type="Poison" \/> \/ <psicon pokemon="gallade" \/><psicon type="Psychic" \/> \/ <psicon pokemon="celesteela" \/><psicon type="Steel" \/> \/ <psicon pokemon="cinderace" \/><psicon type="Fire" \/> \/ <psicon pokemon="gastrodon" \/><psicon type="Water" \/>
|teampreview
|c|☆DoctaShock|hello
|j| tomkeap
|c| tomkeap|gl
|c|☆Prime13576|Good luck!
|c|☆DoctaShock|you as well!
|c|☆DoctaShock|might give like a minute to see if anyone joins if not we can run it
|j| Phantom0rion
|j| serendipidu
|j| Crown Oji
|c|☆Prime13576|Sure, I'm good whenever you are
|
|t:|1755457620
|teamsize|p1|6
|teamsize|p2|6
|start
|switch|p1a: Dumb Bird|Ho-Oh|100\/100
|switch|p2a: Messi|Cinderace, F|100\/100
|turn|1
|c| serendipidu|dumb bird
|c| serendipidu|FACTS
|c|☆DoctaShock|!servertime
|c| DoctaShock|\/raw <div class="infobox">Server time: <b>8\/17\/2025, 7:07:48 PM<\/b><\/div>
|c| Phantom0rion|youd draft thatdumb bird if u could stop hating..
|j| foodss
|
|t:|1755457687
|move|p2a: Messi|U-turn|p1a: Dumb Bird
|-start|p2a: Messi|typechange|Bug|[from] ability: Libero
|-resisted|p1a: Dumb Bird
|-damage|p1a: Dumb Bird|95\/100
|
|t:|1755457691
|switch|p2a: Klaud|Gastrodon, F|100\/100|[from] U-turn
|move|p1a: Dumb Bird|Sacred Fire|p2a: Klaud
|-resisted|p2a: Klaud
|-damage|p2a: Klaud|77\/100
|
|-heal|p2a: Klaud|83\/100|[from] item: Leftovers
|upkeep
|turn|2
|
|t:|1755457753
|switch|p1a: Nightwing|Gliscor, F, shiny|100\/100
|move|p2a: Klaud|Toxic|p1a: Nightwing
|-status|p1a: Nightwing|tox
|
|-heal|p2a: Klaud|89\/100|[from] item: Leftovers
|upkeep
|turn|3
|
|t:|1755457791
|move|p1a: Nightwing|U-turn|p2a: Klaud
|-damage|p2a: Klaud|73\/100
|
|t:|1755457794
|switch|p1a: Mr Bongos|Conkeldurr, F|100\/100|[from] U-turn
|move|p2a: Klaud|Scald|p1a: Mr Bongos
|-damage|p1a: Mr Bongos|71\/100
|-status|p1a: Mr Bongos|brn
|
|-heal|p2a: Klaud|79\/100|[from] item: Leftovers
|-damage|p1a: Mr Bongos|65\/100 brn|[from] brn
|upkeep
|turn|4
|c|☆DoctaShock|ho-oh take notes
|c|☆DoctaShock|dumb bird *
|j| Conundromic
|
|t:|1755457898
|switch|p2a: Saturn V|Celesteela|100\/100
|-terastallize|p1a: Mr Bongos|Fighting
|move|p1a: Mr Bongos|Close Combat|p2a: Saturn V
|-damage|p2a: Saturn V|0 fnt
|-unboost|p1a: Mr Bongos|def|1
|-unboost|p1a: Mr Bongos|spd|1
|faint|p2a: Saturn V
|
|-damage|p1a: Mr Bongos|59\/100 brn|[from] brn
|upkeep
|
|t:|1755457953
|switch|p2a: Syrio Forel|Gallade, M|100\/100
|turn|5
|
|t:|1755458062
|switch|p1a: Nightwing|Gliscor, F, shiny|100\/100 tox
|detailschange|p2a: Syrio Forel|Gallade-Mega, M
|-mega|p2a: Syrio Forel|Gallade|Galladite
|move|p2a: Syrio Forel|Psycho Cut|p1a: Nightwing
|-damage|p1a: Nightwing|72\/100 tox
|
|-heal|p1a: Nightwing|85\/100 tox|[from] ability: Poison Heal
|upkeep
|turn|6
|
|t:|1755458157
|switch|p2a: Best Pokemon Game|Kyurem-Black|100\/100
|-ability|p2a: Best Pokemon Game|Teravolt
|move|p1a: Nightwing|U-turn|p2a: Best Pokemon Game
|-damage|p2a: Best Pokemon Game|87\/100
|
|t:|1755458217
|switch|p1a: Riptide|Palkia|100\/100|[from] U-turn
|-ability|p1a: Riptide|Pressure
|
|upkeep
|turn|7
|
|t:|1755458251
|switch|p2a: Klaud|Gastrodon, F|79\/100
|move|p1a: Riptide|Spacial Rend|p2a: Klaud
|-damage|p2a: Klaud|39\/100
|
|-heal|p2a: Klaud|46\/100|[from] item: Leftovers
|upkeep
|turn|8
|
|t:|1755458419
|switch|p1a: Freya|Enamorus-Therian, F|100\/100
|move|p2a: Klaud|Recover|p2a: Klaud
|-heal|p2a: Klaud|96\/100
|
|-heal|p2a: Klaud|100\/100|[from] item: Leftovers
|upkeep
|turn|9
|
|t:|1755458494
|move|p1a: Freya|Moonblast|p2a: Klaud
|-damage|p2a: Klaud|41\/100
|-unboost|p2a: Klaud|spa|1
|move|p2a: Klaud|Toxic|p1a: Freya
|-status|p1a: Freya|tox
|
|-heal|p2a: Klaud|47\/100|[from] item: Leftovers
|-damage|p1a: Freya|94\/100 tox|[from] psn
|upkeep
|turn|10
|j| Ksch
|
|t:|1755458579
|switch|p2a: Messi|Cinderace, F|100\/100
|move|p1a: Freya|Moonblast|p2a: Messi
|-resisted|p2a: Messi
|-damage|p2a: Messi|44\/100
|
|-damage|p1a: Freya|82\/100 tox|[from] psn
|upkeep
|turn|11
|
|t:|1755458671
|move|p2a: Messi|U-turn|p1a: Freya
|-start|p2a: Messi|typechange|Bug|[from] ability: Libero
|-resisted|p1a: Freya
|-damage|p1a: Freya|74\/100 tox
|
|t:|1755458680
|switch|p2a: Jonathan Crane|Naganadel|100\/100|[from] U-turn
|move|p1a: Freya|Moonblast|p2a: Jonathan Crane
|-damage|p2a: Jonathan Crane|0 fnt
|faint|p2a: Jonathan Crane
|
|-damage|p1a: Freya|55\/100 tox|[from] psn
|upkeep
|
|t:|1755458722
|switch|p2a: Best Pokemon Game|Kyurem-Black|87\/100
|-ability|p2a: Best Pokemon Game|Teravolt
|turn|12
|
|t:|1755458756
|move|p2a: Best Pokemon Game|Fusion Bolt|p1a: Freya
|-supereffective|p1a: Freya
|-damage|p1a: Freya|0 fnt
|faint|p1a: Freya
|-damage|p2a: Best Pokemon Game|77\/100|[from] item: Life Orb
|
|upkeep
|
|t:|1755458778
|switch|p1a: Riptide|Palkia|100\/100
|-ability|p1a: Riptide|Pressure
|turn|13
|c|☆DoctaShock|it was a good pokemon game
|c| tomkeap|false
|c| Phantom0rion|whats your favorite pokemon game doctashock
|c|☆DoctaShock|emerald
|c| Phantom0rion|we love based takes here
|c| tomkeap|omega ruby
|c| Ksch|Doctashocks favorite is scarlet and violet
|j| Blader1176
|c| Ksch|He played it a ton
|
|t:|1755458998
|switch|p2a: Messi|Cinderace, F|44\/100
|move|p1a: Riptide|Spacial Rend|p2a: Messi
|-damage|p2a: Messi|0 fnt
|faint|p2a: Messi
|
|upkeep
|c| Blader1176|I love docta's battles bc you can join 25 min late and you only missed 12 turns
|c|☆DoctaShock|it aint even me
|c|☆DoctaShock|this guy
|c| Blader1176|its your aura
|c| serendipidu|he didnt say it was you
|c| serendipidu|he just said your battles
|c| serendipidu|is he wrong
|c| Blader1176|!! true
|c|☆DoctaShock|who r u
|c| serendipidu|?
|
|t:|1755459096
|switch|p2a: Best Pokemon Game|Kyurem-Black|77\/100
|-ability|p2a: Best Pokemon Game|Teravolt
|turn|14
|
|t:|1755459104
|move|p1a: Riptide|Spacial Rend|p2a: Best Pokemon Game
|-supereffective|p2a: Best Pokemon Game
|-damage|p2a: Best Pokemon Game|0 fnt
|faint|p2a: Best Pokemon Game
|
|upkeep
|
|t:|1755459124
|switch|p2a: Syrio Forel|Gallade-Mega, M|100\/100
|turn|15
|
|t:|1755459148
|move|p1a: Riptide|Spacial Rend|p2a: Syrio Forel
|-damage|p2a: Syrio Forel|43\/100
|move|p2a: Syrio Forel|Knock Off|p1a: Riptide
|-damage|p1a: Riptide|57\/100
|-enditem|p1a: Riptide|Choice Scarf|[from] move: Knock Off|[of] p2a: Syrio Forel
|
|upkeep
|turn|16
|
|t:|1755459196
|switch|p1a: Dumb Bird|Ho-Oh|100\/100
|move|p2a: Syrio Forel|Close Combat|p1a: Dumb Bird
|-resisted|p1a: Dumb Bird
|-damage|p1a: Dumb Bird|76\/100
|-unboost|p2a: Syrio Forel|def|1
|-unboost|p2a: Syrio Forel|spd|1
|
|upkeep
|turn|17
|c|☆Prime13576|Gg
|
|t:|1755459234
|move|p2a: Syrio Forel|Psycho Cut|p1a: Dumb Bird
|-damage|p1a: Dumb Bird|49\/100
|move|p1a: Dumb Bird|Sacred Fire|p2a: Syrio Forel
|-damage|p2a: Syrio Forel|0 fnt
|faint|p2a: Syrio Forel
|detailschange|p2: Syrio Forel|Gallade, M|[silent]
|
|upkeep
|
|t:|1755459240
|switch|p2a: Klaud|Gastrodon, F|47\/100
|turn|18
|
|t:|1755459247
|move|p1a: Dumb Bird|Brave Bird|p2a: Klaud
|-damage|p2a: Klaud|0 fnt
|faint|p2a: Klaud
|-damage|p1a: Dumb Bird|33\/100|[from] Recoil
|
|win|DoctaShock
|c| tomkeap|GG!
|c|☆DoctaShock|gg!
|c| Blader1176|gg

</script>
</div>
<div class="battle-log battle-log-inline"><div class="inner"><div class="battle-options"></div><div class="inner message-log"><div class="chat"><small>☆DoctaShock and ☆Prime13576 joined</small></div><div class=""><small>Format:</small> <br><strong>[Gen 9] NatDex Draft</strong></div><div class=""><small><em>Tera Type Preview:</em> Tera Types are shown at Team Preview</small></div><div class=""><small><em>Sleep Clause Mod:</em> Limit one foe put to sleep</small></div><div class=""><small><em>OHKO Clause:</em> OHKO moves are banned</small></div><div class=""><small><em>Evasion Clause:</em> Evasion abilities, items, and moves are banned</small></div><div class=""><small><em>Evasion Abilities Clause:</em> Evasion abilities are banned</small></div><div class=""><small><em>Evasion Items Clause:</em> Evasion items are banned</small></div><div class=""><small><em>Evasion Moves Clause:</em> Evasion moves are banned</small></div><div class=""><small><em>Endless Battle Clause:</em> Forcing endless battles is banned</small></div><div class=""><small><em>HP Percentage Mod:</em> HP is shown in percentages</small></div><div class="chat"><div class="infobox"><details class="readmore" open=""><summary><strong>1 custom rule:</strong></summary> Tera Type Preview</details></div></div><div class="chat">DoctaShock's Tera Types:<br><span class="picon" style="background:transparent url(https://play.pokemonshowdown.com/sprites/pokemonicons-sheet.png?v19) no-repeat scroll -240px -1320px"></span><img src="https://play.pokemonshowdown.com/sprites/types/Fighting.png" alt="Fighting" height="14" width="32" class="pixelated"> / <span class="picon" style="background:transparent url(https://play.pokemonshowdown.com/sprites/pokemonicons-sheet.png?v19) no-repeat scroll -400px -600px"></span><img src="https://play.pokemonshowdown.com/sprites/types/Fairy.png" alt="Fairy" height="14" width="32" class="pixelated"> / <span class="picon" style="background:transparent url(https://play.pokemonshowdown.com/sprites/pokemonicons-sheet.png?v19) no-repeat scroll -160px -1170px"></span><img src="https://play.pokemonshowdown.com/sprites/types/Ground.png" alt="Ground" height="14" width="32" class="pixelated"> / <span class="picon" style="background:transparent url(https://play.pokemonshowdown.com/sprites/pokemonicons-sheet.png?v19) no-repeat scroll -160px -1200px"></span><img src="https://play.pokemonshowdown.com/sprites/types/Water.png" alt="Water" height="14" width="32" class="pixelated"> / <span class="picon" style="background:transparent url(https://play.pokemonshowdown.com/sprites/pokemonicons-sheet.png?v19) no-repeat scroll -280px -3120px"></span><img src="https://play.pokemonshowdown.com/sprites/types/Fire.png" alt="Fire" height="14" width="32" class="pixelated"> / <span class="picon" style="background:transparent url(https://play.pokemonshowdown.com/sprites/pokemonicons-sheet.png?v19) no-repeat scroll -280px -480px"></span><img src="https://play.pokemonshowdown.com/sprites/types/Water.png" alt="Water" height="14" width="32" class="pixelated"></div><div class="chat">Prime13576's Tera Types:<br><span class="picon" style="background:transparent url(https://play.pokemonshowdown.com/sprites/pokemonicons-sheet.png?v19) no-repeat scroll -360px -2730px"></span><img src="https://play.pokemonshowdown.com/sprites/types/Dragon.png" alt="Dragon" height="14" width="32" class="pixelated"> / <span class="picon" style="background:transparent url(https://play.pokemonshowdown.com/sprites/pokemonicons-sheet.png?v19) no-repeat scroll -0px -2010px"></span><img src="https://play.pokemonshowdown.com/sprites/types/Poison.png" alt="Poison" height="14" width="32" class="pixelated"> / <span class="picon" style="background:transparent url(https://play.pokemonshowdown.com/sprites/pokemonicons-sheet.png?v19) no-repeat scroll -280px -1170px"></span><img src="https://play.pokemonshowdown.com/sprites/types/Psychic.png" alt="Psychic" height="14" width="32" class="pixelated"> / <span class="picon" style="background:transparent url(https://play.pokemonshowdown.com/sprites/pokemonicons-sheet.png?v19) no-repeat scroll -200px -1980px"></span><img src="https://play.pokemonshowdown.com/sprites/types/Steel.png" alt="Steel" height="14" width="32" class="pixelated"> / <span class="picon" style="background:transparent url(https://play.pokemonshowdown.com/sprites/pokemonicons-sheet.png?v19) no-repeat scroll -440px -2010px"></span><img src="https://play.pokemonshowdown.com/sprites/types/Fire.png" alt="Fire" height="14" width="32" class="pixelated"> / <span class="picon" style="background:transparent url(https://play.pokemonshowdown.com/sprites/pokemonicons-sheet.png?v19) no-repeat scroll -120px -1050px"></span><img src="https://play.pokemonshowdown.com/sprites/types/Water.png" alt="Water" height="14" width="32" class="pixelated"></div><div class="chat battle-history"><strong>DoctaShock's team:</strong> <em style="color:#445566;display:block;">Conkeldurr / Ho-Oh / Gliscor / Palkia / Enamorus-Therian / Slowking</em></div><div class="chat battle-history"><strong>Prime13576's team:</strong> <em style="color:#445566;display:block;">Kyurem-Black / Naganadel / Gallade / Celesteela / Cinderace / Gastrodon</em></div><div class="chat chatmessage-doctashock"><strong style="color:#15a4c7"><small class="groupsymbol">☆</small><span class="username">DoctaShock</span>:</strong> <em>hello</em></div><div class="chat"><small> tomkeap joined</small></div><div class="chat chatmessage-tomkeap"><strong style="color:#416faf"><small class="groupsymbol"> </small><span class="username">tomkeap</span>:</strong> <em>gl</em></div><div class="chat chatmessage-prime13576"><strong style="color:#0bb7b2"><small class="groupsymbol">☆</small><span class="username">Prime13576</span>:</strong> <em>Good luck!</em></div><div class="chat chatmessage-doctashock"><strong style="color:#15a4c7"><small class="groupsymbol">☆</small><span class="username">DoctaShock</span>:</strong> <em>you as well!</em></div><div class="chat chatmessage-doctashock"><strong style="color:#15a4c7"><small class="groupsymbol">☆</small><span class="username">DoctaShock</span>:</strong> <em>might give like a minute to see if anyone joins if not we can run it</em></div><div class="chat"><small> Phantom0rion,  serendipidu, and  Crown Oji joined</small></div><div class="chat chatmessage-prime13576"><strong style="color:#0bb7b2"><small class="groupsymbol">☆</small><span class="username">Prime13576</span>:</strong> <em>Sure, I'm good whenever you are</em></div><div class="spacer battle-history"><br></div><div class="battle-history">Battle started between DoctaShock and Prime13576!<br></div><div class="spacer battle-history"><br></div><div class="battle-history">Go! Dumb Bird (<strong>Ho-Oh</strong>)!<br></div><div class="spacer battle-history"><br></div><div class="battle-history">Prime13576 sent out Messi (<strong>Cinderace</strong>)!<br></div><div class="spacer battle-history"><br></div><h2 class="battle-history">Turn 1</h2><div class="chat chatmessage-serendipidu"><strong style="color:#7c53d9"><small class="groupsymbol"> </small><span class="username">serendipidu</span>:</strong> <em>dumb bird</em></div><div class="chat chatmessage-serendipidu"><strong style="color:#7c53d9"><small class="groupsymbol"> </small><span class="username">serendipidu</span>:</strong> <em>FACTS</em></div><div class="chat chatmessage-doctashock"><strong style="color:#15a4c7"><small class="groupsymbol">☆</small><span class="username">DoctaShock</span>:</strong> <em>!servertime</em></div><div class="chat"><div class="infobox">Server time: <b>8/17/2025, 7:07:48 PM</b></div></div><div class="chat chatmessage-phantom0rion"><strong style="color:#0aa74e"><small class="groupsymbol"> </small><span class="username">Phantom0rion</span>:</strong> <em>youd draft thatdumb bird if u could stop hating..</em></div><div class="chat"><small> foodss joined</small></div><div class="spacer battle-history"><br></div><div class="battle-history">The opposing Messi used <strong>U-turn</strong>!<br></div><div class="battle-history">[The opposing Messi's Libero]<br><small>The opposing Messi's type changed to Bug!</small><br></div><div class="battle-history"><small>It's not very effective...</small><br></div><div class="battle-history"><small>(Dumb Bird lost 5% of its health!)</small><br></div><div class="spacer battle-history"><br></div><div class="battle-history">The opposing Messi went back to Prime13576!<br></div><div class="battle-history">Prime13576 sent out Klaud (<strong>Gastrodon</strong>)!<br></div><div class="spacer battle-history"><br></div><div class="battle-history">Dumb Bird used <strong>Sacred Fire</strong>!<br></div><div class="battle-history"><small>It's not very effective...</small><br></div><div class="battle-history"><small>(The opposing Klaud lost 23% of its health!)</small><br></div><div class="spacer battle-history"><br></div><div class="battle-history"><small>The opposing Klaud restored a little HP using its Leftovers!</small><br></div><div class="spacer battle-history"><br></div><h2 class="battle-history">Turn 2</h2><div class="spacer battle-history"><br></div><div class="battle-history">Dumb Bird, come back!<br></div><div class="battle-history">Go! Nightwing (<strong>Gliscor</strong>)!<br></div><div class="spacer battle-history"><br></div><div class="battle-history">The opposing Klaud used <strong>Toxic</strong>!<br></div><div class="battle-history"><small>Nightwing was badly poisoned!</small><br></div><div class="spacer battle-history"><br></div><div class="battle-history"><small>The opposing Klaud restored a little HP using its Leftovers!</small><br></div><div class="spacer battle-history"><br></div><h2 class="battle-history">Turn 3</h2><div class="spacer battle-history"><br></div><div class="battle-history">Nightwing used <strong>U-turn</strong>!<br></div><div class="battle-history"><small>(The opposing Klaud lost 16% of its health!)</small><br></div><div class="spacer battle-history"><br></div><div class="battle-history">Nightwing went back to DoctaShock!<br></div><div class="battle-history">Go! Mr Bongos (<strong>Conkeldurr</strong>)!<br></div><div class="spacer battle-history"><br></div><div class="battle-history">The opposing Klaud used <strong>Scald</strong>!<br></div><div class="battle-history"><small>(Mr Bongos lost 29% of its health!)</small><br></div><div class="battle-history"><small>Mr Bongos was burned!</small><br></div><div class="spacer battle-history"><br></div><div class="battle-history"><small>The opposing Klaud restored a little HP using its Leftovers!</small><br></div><div class="battle-history"><small>Mr Bongos was hurt by its burn!</small><br></div><div class="spacer battle-history"><br></div><h2 class="battle-history">Turn 4</h2><div class="chat chatmessage-doctashock"><strong style="color:#15a4c7"><small class="groupsymbol">☆</small><span class="username">DoctaShock</span>:</strong> <em>ho-oh take notes</em></div><div class="chat chatmessage-doctashock"><strong style="color:#15a4c7"><small class="groupsymbol">☆</small><span class="username">DoctaShock</span>:</strong> <em>dumb bird *</em></div><div class="chat"><small> Conundromic joined</small></div><div class="spacer battle-history"><br></div><div class="battle-history">Prime13576 withdrew Klaud!<br></div><div class="battle-history">Prime13576 sent out Saturn V (<strong>Celesteela</strong>)!<br></div><div class="spacer battle-history"><br></div><div class="battle-history"><small>Mr Bongos has Terastallized into the Fighting-type!</small><br></div><div class="spacer battle-history"><br></div><div class="battle-history">Mr Bongos used <strong>Close Combat</strong>!<br></div><div class="battle-history"><small>(The opposing Saturn V lost 100% of its health!)</small><br></div><div class="battle-history"><small>Mr Bongos's Defense fell!</small><br></div><div class="battle-history"><small>Mr Bongos's Sp. Def fell!</small><br></div><div class="spacer battle-history"><br></div><div class="battle-history">The opposing Saturn V fainted!<br></div><div class="spacer battle-history"><br></div><div class="battle-history"><small>Mr Bongos was hurt by its burn!</small><br></div><div class="spacer battle-history"><br></div><div class="battle-history">Prime13576 sent out Syrio Forel (<strong>Gallade</strong>)!<br></div><div class="spacer battle-history"><br></div><h2 class="battle-history">Turn 5</h2><div class="spacer battle-history"><br></div><div class="battle-history">Mr Bongos, come back!<br></div><div class="battle-history">Go! Nightwing (<strong>Gliscor</strong>)!<br></div><div class="spacer battle-history"><br></div><div class="battle-history"><small>The opposing Syrio Forel's Galladite is reacting to the Key Stone!</small><br>The opposing Syrio Forel has Mega Evolved into Mega Gallade!<br></div><div class="spacer battle-history"><br></div><div class="battle-history">The opposing Syrio Forel used <strong>Psycho Cut</strong>!<br></div><div class="battle-history"><small>(Nightwing lost 28% of its health!)</small><br></div><div class="spacer battle-history"><br></div><div class="battle-history">[Nightwing's Poison Heal]<br><small>Nightwing had its HP restored.</small><br></div><div class="spacer battle-history"><br></div><h2 class="battle-history">Turn 6</h2><div class="spacer battle-history"><br></div><div class="battle-history">Prime13576 withdrew Syrio Forel!<br></div><div class="battle-history">Prime13576 sent out Best Pokemon Game (<strong>Kyurem-Black</strong>)!<br></div><div class="battle-history">[The opposing Best Pokemon Game's Teravolt]<br><small>The opposing Best Pokemon Game is radiating a bursting aura!</small><br></div><div class="spacer battle-history"><br></div><div class="battle-history">Nightwing used <strong>U-turn</strong>!<br></div><div class="battle-history"><small>(The opposing Best Pokemon Game lost 13% of its health!)</small><br></div><div class="spacer battle-history"><br></div><div class="battle-history">Nightwing went back to DoctaShock!<br></div><div class="battle-history">Go! Riptide (<strong>Palkia</strong>)!<br></div><div class="battle-history">[Riptide's Pressure]<br><small>Riptide is exerting its pressure!</small><br></div><div class="spacer battle-history"><br></div><h2 class="battle-history">Turn 7</h2><div class="spacer battle-history"><br></div><div class="battle-history">Prime13576 withdrew Best Pokemon Game!<br></div><div class="battle-history">Prime13576 sent out Klaud (<strong>Gastrodon</strong>)!<br></div><div class="spacer battle-history"><br></div><div class="battle-history">Riptide used <strong>Spacial Rend</strong>!<br></div><div class="battle-history"><small>(The opposing Klaud lost 40% of its health!)</small><br></div><div class="spacer battle-history"><br></div><div class="battle-history"><small>The opposing Klaud restored a little HP using its Leftovers!</small><br></div><div class="spacer battle-history"><br></div><h2 class="battle-history">Turn 8</h2><div class="spacer battle-history"><br></div><div class="battle-history">Riptide, come back!<br></div><div class="battle-history">Go! Freya (<strong>Enamorus-Therian</strong>)!<br></div><div class="spacer battle-history"><br></div><div class="battle-history">The opposing Klaud used <strong>Recover</strong>!<br></div><div class="battle-history"><small>The opposing Klaud had its HP restored.</small><br></div><div class="spacer battle-history"><br></div><div class="battle-history"><small>The opposing Klaud restored a little HP using its Leftovers!</small><br></div><div class="spacer battle-history"><br></div><h2 class="battle-history">Turn 9</h2><div class="spacer battle-history"><br></div><div class="battle-history">Freya used <strong>Moonblast</strong>!<br></div><div class="battle-history"><small>(The opposing Klaud lost 59% of its health!)</small><br></div><div class="battle-history"><small>The opposing Klaud's Sp. Atk fell!</small><br></div><div class="spacer battle-history"><br></div><div class="battle-history">The opposing Klaud used <strong>Toxic</strong>!<br></div><div class="battle-history"><small>Freya was badly poisoned!</small><br></div><div class="spacer battle-history"><br></div><div class="battle-history"><small>The opposing Klaud restored a little HP using its Leftovers!</small><br></div><div class="battle-history"><small>Freya was hurt by poison!</small><br></div><div class="spacer battle-history"><br></div><h2 class="battle-history">Turn 10</h2><div class="chat"><small> Ksch joined</small></div><div class="spacer battle-history"><br></div><div class="battle-history">Prime13576 withdrew Klaud!<br></div><div class="battle-history">Prime13576 sent out Messi (<strong>Cinderace</strong>)!<br></div><div class="spacer battle-history"><br></div><div class="battle-history">Freya used <strong>Moonblast</strong>!<br></div><div class="battle-history"><small>It's not very effective...</small><br></div><div class="battle-history"><small>(The opposing Messi lost 56% of its health!)</small><br></div><div class="spacer battle-history"><br></div><div class="battle-history"><small>Freya was hurt by poison!</small><br></div><div class="spacer battle-history"><br></div><h2 class="battle-history">Turn 11</h2><div class="spacer battle-history"><br></div><div class="battle-history">The opposing Messi used <strong>U-turn</strong>!<br></div><div class="battle-history">[The opposing Messi's Libero]<br><small>The opposing Messi's type changed to Bug!</small><br></div><div class="battle-history"><small>It's not very effective...</small><br></div><div class="battle-history"><small>(Freya lost 8% of its health!)</small><br></div><div class="spacer battle-history"><br></div><div class="battle-history">The opposing Messi went back to Prime13576!<br></div><div class="battle-history">Prime13576 sent out Jonathan Crane (<strong>Naganadel</strong>)!<br></div><div class="spacer battle-history"><br></div><div class="battle-history">Freya used <strong>Moonblast</strong>!<br></div><div class="battle-history"><small>(The opposing Jonathan Crane lost 100% of its health!)</small><br></div><div class="spacer battle-history"><br></div><div class="battle-history">The opposing Jonathan Crane fainted!<br></div><div class="spacer battle-history"><br></div><div class="battle-history"><small>Freya was hurt by poison!</small><br></div><div class="spacer battle-history"><br></div><div class="battle-history">Prime13576 sent out Best Pokemon Game (<strong>Kyurem-Black</strong>)!<br></div><div class="battle-history">[The opposing Best Pokemon Game's Teravolt]<br><small>The opposing Best Pokemon Game is radiating a bursting aura!</small><br></div><div class="spacer battle-history"><br></div><h2 class="battle-history">Turn 12</h2><div class="spacer battle-history"><br></div><div class="battle-history">The opposing Best Pokemon Game used <strong>Fusion Bolt</strong>!<br></div><div class="battle-history"><small>It's super effective!</small><br></div><div class="battle-history"><small>(Freya lost 55% of its health!)</small><br></div><div class="spacer battle-history"><br></div><div class="battle-history">Freya fainted!<br></div><div class="battle-history"><small>The opposing Best Pokemon Game lost some of its HP!</small><br></div><div class="spacer battle-history"><br></div><div class="battle-history">Go! Riptide (<strong>Palkia</strong>)!<br></div><div class="battle-history">[Riptide's Pressure]<br><small>Riptide is exerting its pressure!</small><br></div><div class="spacer battle-history"><br></div><h2 class="battle-history">Turn 13</h2><div class="chat chatmessage-doctashock"><strong style="color:#15a4c7"><small class="groupsymbol">☆</small><span class="username">DoctaShock</span>:</strong> <em>it was a good pokemon game</em></div><div class="chat chatmessage-tomkeap"><strong style="color:#416faf"><small class="groupsymbol"> </small><span class="username">tomkeap</span>:</strong> <em>false</em></div><div class="chat chatmessage-phantom0rion"><strong style="color:#0aa74e"><small class="groupsymbol"> </small><span class="username">Phantom0rion</span>:</strong> <em>whats your favorite pokemon game doctashock</em></div><div class="chat chatmessage-doctashock"><strong style="color:#15a4c7"><small class="groupsymbol">☆</small><span class="username">DoctaShock</span>:</strong> <em>emerald</em></div><div class="chat chatmessage-phantom0rion"><strong style="color:#0aa74e"><small class="groupsymbol"> </small><span class="username">Phantom0rion</span>:</strong> <em>we love based takes here</em></div><div class="chat chatmessage-tomkeap"><strong style="color:#416faf"><small class="groupsymbol"> </small><span class="username">tomkeap</span>:</strong> <em>omega ruby</em></div><div class="chat chatmessage-ksch"><strong style="color:#1db7b9"><small class="groupsymbol"> </small><span class="username">Ksch</span>:</strong> <em>Doctashocks favorite is scarlet and violet</em></div><div class="chat"><small> Blader1176 joined</small></div><div class="chat chatmessage-ksch"><strong style="color:#1db7b9"><small class="groupsymbol"> </small><span class="username">Ksch</span>:</strong> <em>He played it a ton</em></div><div class="spacer battle-history"><br></div><div class="battle-history">Prime13576 withdrew Best Pokemon Game!<br></div><div class="battle-history">Prime13576 sent out Messi (<strong>Cinderace</strong>)!<br></div><div class="spacer battle-history"><br></div><div class="battle-history">Riptide used <strong>Spacial Rend</strong>!<br></div><div class="battle-history"><small>(The opposing Messi lost 44% of its health!)</small><br></div><div class="spacer battle-history"><br></div><div class="battle-history">The opposing Messi fainted!<br></div><div class="chat chatmessage-blader1176"><strong style="color:#797ad1"><small class="groupsymbol"> </small><span class="username">Blader1176</span>:</strong> <em>I love docta's battles bc you can join 25 min late and you only missed 12 turns</em></div><div class="chat chatmessage-doctashock"><strong style="color:#15a4c7"><small class="groupsymbol">☆</small><span class="username">DoctaShock</span>:</strong> <em>it aint even me</em></div><div class="chat chatmessage-doctashock"><strong style="color:#15a4c7"><small class="groupsymbol">☆</small><span class="username">DoctaShock</span>:</strong> <em>this guy</em></div><div class="chat chatmessage-blader1176"><strong style="color:#797ad1"><small class="groupsymbol"> </small><span class="username">Blader1176</span>:</strong> <em>its your aura</em></div><div class="chat chatmessage-serendipidu"><strong style="color:#7c53d9"><small class="groupsymbol"> </small><span class="username">serendipidu</span>:</strong> <em>he didnt say it was you</em></div><div class="chat chatmessage-serendipidu"><strong style="color:#7c53d9"><small class="groupsymbol"> </small><span class="username">serendipidu</span>:</strong> <em>he just said your battles</em></div><div class="chat chatmessage-serendipidu"><strong style="color:#7c53d9"><small class="groupsymbol"> </small><span class="username">serendipidu</span>:</strong> <em>is he wrong</em></div><div class="chat chatmessage-blader1176"><strong style="color:#797ad1"><small class="groupsymbol"> </small><span class="username">Blader1176</span>:</strong> <em>!! true</em></div><div class="chat chatmessage-doctashock"><strong style="color:#15a4c7"><small class="groupsymbol">☆</small><span class="username">DoctaShock</span>:</strong> <em>who r u</em></div><div class="chat chatmessage-serendipidu"><strong style="color:#7c53d9"><small class="groupsymbol"> </small><span class="username">serendipidu</span>:</strong> <em>?</em></div><div class="spacer battle-history"><br></div><div class="battle-history">Prime13576 sent out Best Pokemon Game (<strong>Kyurem-Black</strong>)!<br></div><div class="battle-history">[The opposing Best Pokemon Game's Teravolt]<br><small>The opposing Best Pokemon Game is radiating a bursting aura!</small><br></div><div class="spacer battle-history"><br></div><h2 class="battle-history">Turn 14</h2><div class="spacer battle-history"><br></div><div class="battle-history">Riptide used <strong>Spacial Rend</strong>!<br></div><div class="battle-history"><small>It's super effective!</small><br></div><div class="battle-history"><small>(The opposing Best Pokemon Game lost 77% of its health!)</small><br></div><div class="spacer battle-history"><br></div><div class="battle-history">The opposing Best Pokemon Game fainted!<br></div><div class="spacer battle-history"><br></div><div class="battle-history">Prime13576 sent out Syrio Forel (<strong>Gallade-Mega</strong>)!<br></div><div class="spacer battle-history"><br></div><h2 class="battle-history">Turn 15</h2><div class="spacer battle-history"><br></div><div class="battle-history">Riptide used <strong>Spacial Rend</strong>!<br></div><div class="battle-history"><small>(The opposing Syrio Forel lost 57% of its health!)</small><br></div><div class="spacer battle-history"><br></div><div class="battle-history">The opposing Syrio Forel used <strong>Knock Off</strong>!<br></div><div class="battle-history"><small>(Riptide lost 43% of its health!)</small><br></div><div class="battle-history"><small>The opposing Syrio Forel knocked off Riptide's Choice Scarf!</small><br></div><div class="spacer battle-history"><br></div><h2 class="battle-history">Turn 16</h2><div class="spacer battle-history"><br></div><div class="battle-history">Riptide, come back!<br></div><div class="battle-history">Go! Dumb Bird (<strong>Ho-Oh</strong>)!<br></div><div class="spacer battle-history"><br></div><div class="battle-history">The opposing Syrio Forel used <strong>Close Combat</strong>!<br></div><div class="battle-history"><small>It's not very effective...</small><br></div><div class="battle-history"><small>(Dumb Bird lost 24% of its health!)</small><br></div><div class="battle-history"><small>The opposing Syrio Forel's Defense fell!</small><br></div><div class="battle-history"><small>The opposing Syrio Forel's Sp. Def fell!</small><br></div><div class="spacer battle-history"><br></div><h2 class="battle-history">Turn 17</h2><div class="chat chatmessage-prime13576"><strong style="color:#0bb7b2"><small class="groupsymbol">☆</small><span class="username">Prime13576</span>:</strong> <em>Gg</em></div><div class="spacer battle-history"><br></div><div class="battle-history">The opposing Syrio Forel used <strong>Psycho Cut</strong>!<br></div><div class="battle-history"><small>(Dumb Bird lost 27% of its health!)</small><br></div><div class="spacer battle-history"><br></div><div class="battle-history">Dumb Bird used <strong>Sacred Fire</strong>!<br></div><div class="battle-history"><small>(The opposing Syrio Forel lost 43% of its health!)</small><br></div><div class="spacer battle-history"><br></div><div class="battle-history">The opposing Syrio Forel fainted!<br></div><div class="spacer battle-history"><br></div><div class="battle-history">Prime13576 sent out Klaud (<strong>Gastrodon</strong>)!<br></div><div class="spacer battle-history"><br></div><h2 class="battle-history">Turn 18</h2><div class="spacer battle-history"><br></div><div class="battle-history">Dumb Bird used <strong>Brave Bird</strong>!<br></div><div class="battle-history"><small>(The opposing Klaud lost 47% of its health!)</small><br></div><div class="spacer battle-history"><br></div><div class="battle-history">The opposing Klaud fainted!<br></div><div class="battle-history"><small>Dumb Bird was damaged by the recoil!</small><br></div><div class="spacer battle-history"><br></div><div class="battle-history"><strong>DoctaShock</strong> won the battle!<br></div><div class="chat chatmessage-tomkeap"><strong style="color:#416faf"><small class="groupsymbol"> </small><span class="username">tomkeap</span>:</strong> <em>GG!</em></div><div class="chat chatmessage-doctashock"><strong style="color:#15a4c7"><small class="groupsymbol">☆</small><span class="username">DoctaShock</span>:</strong> <em>gg!</em></div><div class="chat chatmessage-blader1176"><strong style="color:#797ad1"><small class="groupsymbol"> </small><span class="username">Blader1176</span>:</strong> <em>gg</em></div></div><div class="inner-preempt message-log"></div></div></div>
</div>
<script>
let daily = Math.floor(Date.now()/1000/60/60/24);document.write('<script src="https://play.pokemonshowdown.com/js/replay-embed.js?version'+daily+'"></'+'script>');
</script>
