<!DOCTYPE html>
<meta charset="utf-8" />
<!-- version 1 -->
<title>[Gen 9] NatDex Draft replay: Gym Leder Brawl vs. pancake pancake</title>
<style>
html,body {font-family:Verdana, sans-serif;font-size:10pt;margin:0;padding:0;}body{padding:12px 0;} .battle-log {font-family:Verdana, sans-serif;font-size:10pt;} .battle-log-inline {border:1px solid #AAAAAA;background:#EEF2F5;color:black;max-width:640px;margin:0 auto 80px;padding-bottom:5px;} .battle-log .inner {padding:4px 8px 0px 8px;} .battle-log .inner-preempt {padding:0 8px 4px 8px;} .battle-log .inner-after {margin-top:0.5em;} .battle-log h2 {margin:0.5em -8px;padding:4px 8px;border:1px solid #AAAAAA;background:#E0E7EA;border-left:0;border-right:0;font-family:Verdana, sans-serif;font-size:13pt;} .battle-log .chat {vertical-align:middle;padding:3px 0 3px 0;font-size:8pt;} .battle-log .chat strong {color:#40576A;} .battle-log .chat em {padding:1px 4px 1px 3px;color:#000000;font-style:normal;} .chat.mine {background:rgba(0,0,0,0.05);margin-left:-8px;margin-right:-8px;padding-left:8px;padding-right:8px;} .spoiler {color:#BBBBBB;background:#BBBBBB;padding:0px 3px;} .spoiler:hover, .spoiler:active, .spoiler-shown {color:#000000;background:#E2E2E2;padding:0px 3px;} .spoiler a {color:#BBBBBB;} .spoiler:hover a, .spoiler:active a, .spoiler-shown a {color:#2288CC;} .chat code, .chat .spoiler:hover code, .chat .spoiler:active code, .chat .spoiler-shown code {border:1px solid #C0C0C0;background:#EEEEEE;color:black;padding:0 2px;} .chat .spoiler code {border:1px solid #CCCCCC;background:#CCCCCC;color:#CCCCCC;} .battle-log .rated {padding:3px 4px;} .battle-log .rated strong {color:white;background:#89A;padding:1px 4px;border-radius:4px;} .spacer {margin-top:0.5em;} .message-announce {background:#6688AA;color:white;padding:1px 4px 2px;} .message-announce a, .broadcast-green a, .broadcast-blue a, .broadcast-red a {color:#DDEEFF;} .broadcast-green {background-color:#559955;color:white;padding:2px 4px;} .broadcast-blue {background-color:#6688AA;color:white;padding:2px 4px;} .infobox {border:1px solid #6688AA;padding:2px 4px;} .infobox-limited {max-height:200px;overflow:auto;overflow-x:hidden;} .broadcast-red {background-color:#AA5544;color:white;padding:2px 4px;} .message-learn-canlearn {font-weight:bold;color:#228822;text-decoration:underline;} .message-learn-cannotlearn {font-weight:bold;color:#CC2222;text-decoration:underline;} .message-effect-weak {font-weight:bold;color:#CC2222;} .message-effect-resist {font-weight:bold;color:#6688AA;} .message-effect-immune {font-weight:bold;color:#666666;} .message-learn-list {margin-top:0;margin-bottom:0;} .message-throttle-notice, .message-error {color:#992222;} .message-overflow, .chat small.message-overflow {font-size:0pt;} .message-overflow::before {font-size:9pt;content:'...';} .subtle {color:#3A4A66;}
</style>
<div class="wrapper replay-wrapper" style="max-width:1180px;margin:0 auto">
<input type="hidden" name="replayid" value="gen9natdexdraft-2618797246" />
<div class="battle"></div><div class="battle-log"></div><div class="replay-controls"></div><div class="replay-controls-2"></div>
<h1 style="font-weight:normal;text-align:center"><strong>[Gen 9] NatDex Draft</strong><br /><a href="http://pokemonshowdown.com/users/gymlederbrawl" class="subtle" target="_blank">Gym Leder Brawl</a> vs. <a href="http://pokemonshowdown.com/users/pancakepancake" class="subtle" target="_blank">pancake pancake</a></h1>
<script type="text/plain" class="battle-log-data">
|j|☆Gym Leder Brawl
|j|☆pancake pancake
|t:|1779844986
|gametype|singles
|player|p1|Gym Leder Brawl|102|
|player|p2|pancake pancake|waiter-gen4dp|
|gen|9
|tier|[Gen 9] NatDex Draft
|rule|Tera Type Preview: Tera Types are shown at Team Preview
|rule|Sleep Clause Mod: Limit one foe put to sleep
|rule|OHKO Clause: OHKO moves are banned
|rule|Evasion Clause: Evasion abilities, items, and moves are banned
|rule|Evasion Abilities Clause: Evasion abilities are banned
|rule|Evasion Items Clause: Evasion items are banned
|rule|Evasion Moves Clause: Evasion moves are banned
|rule|Endless Battle Clause: Forcing endless battles is banned
|rule|HP Percentage Mod: HP is shown in percentages
|raw|<div class="infobox"><details class="readmore" open><summary><strong>1 custom rule:<\/strong><\/summary> Tera Type Preview<\/details><\/div>
|clearpoke
|poke|p1|Bronzong|
|poke|p1|Dodrio, M|
|poke|p1|Terrakion|
|poke|p1|Milotic, M|
|poke|p1|Talonflame, M|
|poke|p1|Florges, F|
|poke|p2|Hippowdon, M|
|poke|p2|Wo-Chien|
|poke|p2|Empoleon, F|
|poke|p2|Mismagius, F|
|poke|p2|Zapdos-Galar|
|poke|p2|Tauros, M|
|raw|Gym Leder Brawl's Tera Types:<br \/><psicon pokemon="bronzong" \/><psicon type="Steel" \/> \/ <psicon pokemon="dodrio" \/><psicon type="Normal" \/> \/ <psicon pokemon="terrakion" \/><psicon type="Rock" \/> \/ <psicon pokemon="milotic" \/><psicon type="Water" \/> \/ <psicon pokemon="talonflame" \/><psicon type="Grass" \/> \/ <psicon pokemon="florges" \/><psicon type="Poison" \/>
|raw|pancake pancake's Tera Types:<br \/><psicon pokemon="hippowdon" \/><psicon type="Ground" \/> \/ <psicon pokemon="wochien" \/><psicon type="Fairy" \/> \/ <psicon pokemon="empoleon" \/><psicon type="Water" \/> \/ <psicon pokemon="mismagius" \/><psicon type="Fairy" \/> \/ <psicon pokemon="zapdosgalar" \/><psicon type="Fighting" \/> \/ <psicon pokemon="tauros" \/><psicon type="Normal" \/>
|teampreview
|j| ryan700123
|c|☆Gym Leder Brawl|Gl hf
|c|☆pancake pancake|hf
|j| Crown Oji
|
|t:|1779845049
|teamsize|p1|6
|teamsize|p2|6
|start
|switch|p1a: Bronzong|Bronzong|100\/100
|switch|p2a: Zapdos|Zapdos-Galar|100\/100
|turn|1
|j| ChillerFrost
|c|☆pancake pancake|!servertime
|c| pancake pancake|\/raw <div class="infobox">Server time: <b>5\/27\/2026, 1:24:40 AM<\/b><\/div>
|
|t:|1779845081
|move|p2a: Zapdos|Knock Off|p1a: Bronzong
|-supereffective|p1a: Bronzong
|-damage|p1a: Bronzong|51\/100
|-enditem|p1a: Bronzong|Leftovers|[from] move: Knock Off|[of] p2a: Zapdos
|move|p1a: Bronzong|Stealth Rock|p2a: Zapdos
|-sidestart|p2: pancake pancake|move: Stealth Rock
|
|upkeep
|turn|2
|
|t:|1779845109
|switch|p2a: Hippowdon|Hippowdon, M|100\/100
|-damage|p2a: Hippowdon|94\/100|[from] Stealth Rock
|-weather|Sandstorm|[from] ability: Sand Stream|[of] p2a: Hippowdon
|move|p1a: Bronzong|Psychic Noise|p2a: Hippowdon
|-damage|p2a: Hippowdon|80\/100
|-start|p2a: Hippowdon|move: Heal Block
|
|-weather|Sandstorm|[upkeep]
|upkeep
|turn|3
|
|t:|1779845129
|move|p2a: Hippowdon|Crunch|p1a: Bronzong
|-supereffective|p1a: Bronzong
|-damage|p1a: Bronzong|16\/100
|move|p1a: Bronzong|Toxic|p2a: Hippowdon|[miss]
|-miss|p1a: Bronzong|p2a: Hippowdon
|
|-weather|Sandstorm|[upkeep]
|-end|p2a: Hippowdon|move: Heal Block
|upkeep
|turn|4
|
|t:|1779845146
|switch|p1a: Talonflame|Talonflame, M|100\/100
|move|p2a: Hippowdon|Crunch|p1a: Talonflame
|-damage|p1a: Talonflame|67\/100
|
|-weather|Sandstorm|[upkeep]
|-damage|p1a: Talonflame|61\/100|[from] Sandstorm
|upkeep
|turn|5
|
|t:|1779845166
|-terastallize|p1a: Talonflame|Grass
|move|p1a: Talonflame|Will-O-Wisp|p2a: Hippowdon
|-status|p2a: Hippowdon|brn
|move|p2a: Hippowdon|Rock Slide|p1a: Talonflame
|-damage|p1a: Talonflame|45\/100
|
|-weather|Sandstorm|[upkeep]
|-damage|p1a: Talonflame|38\/100|[from] Sandstorm
|-damage|p2a: Hippowdon|74\/100 brn|[from] brn
|upkeep
|turn|6
|
|t:|1779845183
|switch|p2a: Zapdos|Zapdos-Galar|100\/100
|-damage|p2a: Zapdos|88\/100|[from] Stealth Rock
|move|p1a: Talonflame|Roost|p1a: Talonflame
|-heal|p1a: Talonflame|89\/100
|
|-weather|none
|upkeep
|turn|7
|
|t:|1779845205
|switch|p1a: Bronzong|Bronzong|16\/100
|move|p2a: Zapdos|Brave Bird|p1a: Bronzong
|-resisted|p1a: Bronzong
|-damage|p1a: Bronzong|0 fnt
|faint|p1a: Bronzong
|-damage|p2a: Zapdos|83\/100|[from] Recoil
|
|upkeep
|
|t:|1779845240
|switch|p1a: Dodrio|Dodrio, M|100\/100
|turn|8
|
|t:|1779845253
|switch|p2a: Empoleon|Empoleon, F|100\/100
|-damage|p2a: Empoleon|94\/100|[from] Stealth Rock
|move|p1a: Dodrio|Knock Off|p2a: Empoleon
|-damage|p2a: Empoleon|42\/100
|-enditem|p2a: Empoleon|Shuca Berry|[from] move: Knock Off|[of] p1a: Dodrio
|
|upkeep
|turn|9
|
|t:|1779845289
|switch|p1a: Terrakion|Terrakion|100\/100
|move|p2a: Empoleon|Roost|p2a: Empoleon
|-heal|p2a: Empoleon|92\/100
|-singleturn|p2a: Empoleon|move: Roost
|
|upkeep
|turn|10
|j| kaui
|
|t:|1779845305
|switch|p2a: Mismagius|Mismagius, F|100\/100
|-damage|p2a: Mismagius|88\/100|[from] Stealth Rock
|move|p1a: Terrakion|Close Combat|p2a: Mismagius
|-immune|p2a: Mismagius
|
|upkeep
|turn|11
|
|t:|1779845314
|switch|p1a: Florges|Florges, F|100\/100
|move|p2a: Mismagius|Will-O-Wisp|p1a: Florges
|-status|p1a: Florges|brn
|
|-damage|p1a: Florges|94\/100 brn|[from] brn
|upkeep
|turn|12
|
|t:|1779845338
|switch|p2a: Empoleon|Empoleon, F|92\/100
|-damage|p2a: Empoleon|86\/100|[from] Stealth Rock
|switch|p1a: Terrakion|Terrakion|100\/100
|
|upkeep
|turn|13
|
|t:|1779845351
|switch|p2a: Mismagius|Mismagius, F|88\/100
|-damage|p2a: Mismagius|76\/100|[from] Stealth Rock
|move|p1a: Terrakion|Close Combat|p2a: Mismagius
|-immune|p2a: Mismagius
|
|upkeep
|turn|14
|
|t:|1779845359
|switch|p1a: Florges|Florges, F|94\/100 brn
|move|p2a: Mismagius|Calm Mind|p2a: Mismagius
|-boost|p2a: Mismagius|spa|1
|-boost|p2a: Mismagius|spd|1
|
|-heal|p1a: Florges|100\/100 brn|[from] item: Leftovers
|-damage|p1a: Florges|94\/100 brn|[from] brn
|upkeep
|turn|15
|
|t:|1779845374
|move|p2a: Mismagius|Calm Mind|p2a: Mismagius
|-boost|p2a: Mismagius|spa|1
|-boost|p2a: Mismagius|spd|1
|move|p1a: Florges|Wish|p1a: Florges
|
|-heal|p1a: Florges|100\/100 brn|[from] item: Leftovers
|-damage|p1a: Florges|94\/100 brn|[from] brn
|upkeep
|turn|16
|
|t:|1779845382
|switch|p1a: Dodrio|Dodrio, M|100\/100
|move|p2a: Mismagius|Calm Mind|p2a: Mismagius
|-boost|p2a: Mismagius|spa|1
|-boost|p2a: Mismagius|spd|1
|
|upkeep
|turn|17
|
|t:|1779845393
|-terastallize|p2a: Mismagius|Fairy
|move|p1a: Dodrio|Brave Bird|p2a: Mismagius
|-damage|p2a: Mismagius|0 fnt
|faint|p2a: Mismagius
|-damage|p1a: Dodrio|75\/100|[from] Recoil
|
|upkeep
|
|t:|1779845402
|switch|p2a: Empoleon|Empoleon, F|86\/100
|-damage|p2a: Empoleon|80\/100|[from] Stealth Rock
|turn|18
|
|t:|1779845416
|switch|p1a: Talonflame|Talonflame, M, tera:Grass|89\/100
|move|p2a: Empoleon|Grass Knot|p1a: Talonflame
|-resisted|p1a: Talonflame
|-damage|p1a: Talonflame|80\/100
|
|upkeep
|turn|19
|
|t:|1779845424
|move|p1a: Talonflame|Will-O-Wisp|p2a: Empoleon
|-status|p2a: Empoleon|brn
|move|p2a: Empoleon|Ice Beam|p1a: Talonflame
|-supereffective|p1a: Talonflame
|-damage|p1a: Talonflame|2\/100
|
|-damage|p2a: Empoleon|74\/100 brn|[from] brn
|upkeep
|turn|20
|
|t:|1779845435
|move|p1a: Talonflame|U-turn|p2a: Empoleon
|-resisted|p2a: Empoleon
|-damage|p2a: Empoleon|65\/100 brn
|
|t:|1779845438
|switch|p1a: Florges|Florges, F|94\/100 brn|[from] U-turn
|move|p2a: Empoleon|Roost|p2a: Empoleon
|-heal|p2a: Empoleon|100\/100 brn
|-singleturn|p2a: Empoleon|move: Roost
|
|-heal|p1a: Florges|100\/100 brn|[from] item: Leftovers
|-damage|p2a: Empoleon|94\/100 brn|[from] brn
|-damage|p1a: Florges|94\/100 brn|[from] brn
|upkeep
|turn|21
|
|t:|1779845455
|switch|p2a: Wo-Chien|Wo-Chien|100\/100
|-damage|p2a: Wo-Chien|88\/100|[from] Stealth Rock
|-ability|p2a: Wo-Chien|Tablets of Ruin
|move|p1a: Florges|Wish|p1a: Florges
|
|-heal|p2a: Wo-Chien|94\/100|[from] item: Leftovers
|-heal|p1a: Florges|100\/100 brn|[from] item: Leftovers
|-damage|p1a: Florges|94\/100 brn|[from] brn
|upkeep
|turn|22
|j| serendipidu
|
|t:|1779845466
|move|p2a: Wo-Chien|Knock Off|p1a: Florges
|-resisted|p1a: Florges
|-damage|p1a: Florges|78\/100 brn
|-enditem|p1a: Florges|Leftovers|[from] move: Knock Off|[of] p2a: Wo-Chien
|move|p1a: Florges|Moonblast|p2a: Wo-Chien
|-supereffective|p2a: Wo-Chien
|-damage|p2a: Wo-Chien|40\/100
|
|-heal|p1a: Florges|100\/100 brn|[from] move: Wish|[wisher] Florges
|-heal|p2a: Wo-Chien|46\/100|[from] item: Leftovers
|-damage|p1a: Florges|94\/100 brn|[from] brn
|upkeep
|turn|23
|
|t:|1779845478
|move|p2a: Wo-Chien|Protect|p2a: Wo-Chien
|-singleturn|p2a: Wo-Chien|Protect
|move|p1a: Florges|Moonblast|p2a: Wo-Chien
|-activate|p2a: Wo-Chien|move: Protect
|
|-heal|p2a: Wo-Chien|52\/100|[from] item: Leftovers
|-damage|p1a: Florges|88\/100 brn|[from] brn
|upkeep
|turn|24
|j| ksch
|
|t:|1779845487
|move|p2a: Wo-Chien|Leech Seed|p1a: Florges
|-start|p1a: Florges|move: Leech Seed
|move|p1a: Florges|Moonblast|p2a: Wo-Chien
|-supereffective|p2a: Wo-Chien
|-damage|p2a: Wo-Chien|0 fnt
|faint|p2a: Wo-Chien
|
|-damage|p1a: Florges|82\/100 brn|[from] brn
|upkeep
|
|t:|1779845493
|switch|p2a: Tauros|Tauros, M|100\/100
|-damage|p2a: Tauros|88\/100|[from] Stealth Rock
|turn|25
|j| Doctashock
|
|t:|1779845521
|switch|p1a: Talonflame|Talonflame, M, tera:Grass|2\/100
|move|p2a: Tauros|Iron Head|p1a: Talonflame
|-damage|p1a: Talonflame|0 fnt
|faint|p1a: Talonflame
|
|upkeep
|
|t:|1779845535
|switch|p1a: Milotic|Milotic, M|100\/100
|turn|26
|
|t:|1779845546
|move|p2a: Tauros|Body Slam|p1a: Milotic
|-damage|p1a: Milotic|57\/100
|move|p1a: Milotic|Flip Turn|p2a: Tauros
|-damage|p2a: Tauros|72\/100
|
|t:|1779845610
|switch|p1a: Terrakion|Terrakion|100\/100|[from] Flip Turn
|
|upkeep
|turn|27
|
|t:|1779845625
|switch|p2a: Hippowdon|Hippowdon, M|74\/100 brn
|-damage|p2a: Hippowdon|67\/100 brn|[from] Stealth Rock
|-weather|Sandstorm|[from] ability: Sand Stream|[of] p2a: Hippowdon
|move|p1a: Terrakion|Close Combat|p2a: Hippowdon
|-damage|p2a: Hippowdon|26\/100 brn
|-unboost|p1a: Terrakion|def|1
|-unboost|p1a: Terrakion|spd|1
|
|-weather|Sandstorm|[upkeep]
|-damage|p2a: Hippowdon|20\/100 brn|[from] brn
|upkeep
|turn|28
|
|t:|1779845638
|move|p1a: Terrakion|Close Combat|p2a: Hippowdon
|-damage|p2a: Hippowdon|0 fnt
|-unboost|p1a: Terrakion|def|1
|-unboost|p1a: Terrakion|spd|1
|faint|p2a: Hippowdon
|
|-weather|Sandstorm|[upkeep]
|upkeep
|
|t:|1779845643
|switch|p2a: Zapdos|Zapdos-Galar|83\/100
|-damage|p2a: Zapdos|71\/100|[from] Stealth Rock
|turn|29
|
|t:|1779845663
|switch|p1a: Florges|Florges, F|82\/100 brn
|move|p2a: Zapdos|Close Combat|p1a: Florges
|-resisted|p1a: Florges
|-damage|p1a: Florges|47\/100 brn
|-unboost|p2a: Zapdos|def|1
|-unboost|p2a: Zapdos|spd|1
|
|-weather|Sandstorm|[upkeep]
|-damage|p2a: Zapdos|64\/100|[from] Sandstorm
|-damage|p1a: Florges|41\/100 brn|[from] Sandstorm
|-damage|p1a: Florges|35\/100 brn|[from] brn
|upkeep
|turn|30
|
|t:|1779845675
|move|p2a: Zapdos|Close Combat|p1a: Florges
|-resisted|p1a: Florges
|-crit|p1a: Florges
|-damage|p1a: Florges|0 fnt
|-unboost|p2a: Zapdos|def|1
|-unboost|p2a: Zapdos|spd|1
|faint|p1a: Florges
|
|-weather|Sandstorm|[upkeep]
|-damage|p2a: Zapdos|58\/100|[from] Sandstorm
|upkeep
|
|t:|1779845698
|switch|p1a: Milotic|Milotic, M|57\/100
|turn|31
|
|t:|1779845724
|switch|p2a: Empoleon|Empoleon, F|94\/100 brn
|-damage|p2a: Empoleon|88\/100 brn|[from] Stealth Rock
|move|p1a: Milotic|Recover|p1a: Milotic
|-heal|p1a: Milotic|100\/100
|
|-weather|none
|-damage|p2a: Empoleon|82\/100 brn|[from] brn
|upkeep
|turn|32
|
|t:|1779845735
|move|p2a: Empoleon|Grass Knot|p1a: Milotic
|-supereffective|p1a: Milotic
|-damage|p1a: Milotic|51\/100
|move|p1a: Milotic|Flip Turn|p2a: Empoleon
|-resisted|p2a: Empoleon
|-crit|p2a: Empoleon
|-damage|p2a: Empoleon|72\/100 brn
|
|t:|1779845744
|switch|p1a: Terrakion|Terrakion|100\/100|[from] Flip Turn
|
|-damage|p2a: Empoleon|66\/100 brn|[from] brn
|upkeep
|turn|33
|
|t:|1779845755
|move|p1a: Terrakion|Close Combat|p2a: Empoleon
|-supereffective|p2a: Empoleon
|-damage|p2a: Empoleon|0 fnt
|-unboost|p1a: Terrakion|def|1
|-unboost|p1a: Terrakion|spd|1
|faint|p2a: Empoleon
|
|upkeep
|
|t:|1779845758
|switch|p2a: Zapdos|Zapdos-Galar|58\/100
|-damage|p2a: Zapdos|46\/100|[from] Stealth Rock
|turn|34
|
|t:|1779845780
|move|p2a: Zapdos|Close Combat|p1a: Terrakion
|-supereffective|p1a: Terrakion
|-damage|p1a: Terrakion|0 fnt
|-unboost|p2a: Zapdos|def|1
|-unboost|p2a: Zapdos|spd|1
|faint|p1a: Terrakion
|
|upkeep
|
|t:|1779845787
|switch|p1a: Milotic|Milotic, M|51\/100
|turn|35
|
|t:|1779845803
|move|p2a: Zapdos|Close Combat|p1a: Milotic
|-damage|p1a: Milotic|5\/100
|-unboost|p2a: Zapdos|def|1
|-unboost|p2a: Zapdos|spd|1
|move|p1a: Milotic|Recover|p1a: Milotic
|-heal|p1a: Milotic|55\/100
|
|-heal|p1a: Milotic|61\/100|[from] item: Leftovers
|upkeep
|turn|36
|
|t:|1779845823
|switch|p2a: Tauros|Tauros, M|72\/100
|-damage|p2a: Tauros|60\/100|[from] Stealth Rock
|move|p1a: Milotic|Recover|p1a: Milotic
|-heal|p1a: Milotic|100\/100
|
|upkeep
|turn|37
|
|t:|1779845832
|move|p2a: Tauros|Body Slam|p1a: Milotic
|-damage|p1a: Milotic|57\/100
|move|p1a: Milotic|Scald|p2a: Tauros
|-damage|p2a: Tauros|13\/100
|
|-heal|p1a: Milotic|64\/100|[from] item: Leftovers
|upkeep
|turn|38
|
|t:|1779845841
|move|p2a: Tauros|Body Slam|p1a: Milotic
|-damage|p1a: Milotic|17\/100
|move|p1a: Milotic|Recover|p1a: Milotic
|-heal|p1a: Milotic|67\/100
|
|-heal|p1a: Milotic|73\/100|[from] item: Leftovers
|upkeep
|turn|39
|
|t:|1779845849
|move|p2a: Tauros|Body Slam|p1a: Milotic
|-damage|p1a: Milotic|29\/100
|move|p1a: Milotic|Recover|p1a: Milotic
|-heal|p1a: Milotic|79\/100
|
|-heal|p1a: Milotic|85\/100|[from] item: Leftovers
|upkeep
|turn|40
|
|t:|1779845858
|move|p2a: Tauros|Body Slam|p1a: Milotic
|-damage|p1a: Milotic|43\/100
|move|p1a: Milotic|Recover|p1a: Milotic
|-heal|p1a: Milotic|93\/100
|
|-heal|p1a: Milotic|99\/100|[from] item: Leftovers
|upkeep
|turn|41
|
|t:|1779845866
|move|p2a: Tauros|Body Slam|p1a: Milotic
|-damage|p1a: Milotic|54\/100
|move|p1a: Milotic|Scald|p2a: Tauros
|-damage|p2a: Tauros|0 fnt
|faint|p2a: Tauros
|
|-heal|p1a: Milotic|61\/100|[from] item: Leftovers
|upkeep
|
|t:|1779845870
|switch|p2a: Zapdos|Zapdos-Galar|46\/100
|-damage|p2a: Zapdos|34\/100|[from] Stealth Rock
|turn|42
|
|t:|1779845883
|move|p2a: Zapdos|Close Combat|p1a: Milotic
|-damage|p1a: Milotic|11\/100
|-unboost|p2a: Zapdos|def|1
|-unboost|p2a: Zapdos|spd|1
|move|p1a: Milotic|Recover|p1a: Milotic
|-heal|p1a: Milotic|62\/100
|
|-heal|p1a: Milotic|68\/100|[from] item: Leftovers
|upkeep
|turn|43
|
|t:|1779845896
|move|p2a: Zapdos|Close Combat|p1a: Milotic
|-damage|p1a: Milotic|20\/100
|-unboost|p2a: Zapdos|def|1
|-unboost|p2a: Zapdos|spd|1
|move|p1a: Milotic|Ice Beam|p2a: Zapdos
|-supereffective|p2a: Zapdos
|-damage|p2a: Zapdos|0 fnt
|faint|p2a: Zapdos
|
|win|Gym Leder Brawl
|c|☆pancake pancake|gg
|c|☆Gym Leder Brawl|Gg
|l| ksch

</script>
</div>
<div class="battle-log battle-log-inline"><div class="inner"><div class="battle-options"></div><div class="inner message-log"><div class="chat"><small>☆Gym Leder Brawl and ☆pancake pancake joined</small></div><div class=""><small>Format:</small> <br><strong>[Gen 9] NatDex Draft</strong></div><div class=""><small><em>Tera Type Preview:</em> Tera Types are shown at Team Preview</small></div><div class=""><small><em>Sleep Clause Mod:</em> Limit one foe put to sleep</small></div><div class=""><small><em>OHKO Clause:</em> OHKO moves are banned</small></div><div class=""><small><em>Evasion Clause:</em> Evasion abilities, items, and moves are banned</small></div><div class=""><small><em>Evasion Abilities Clause:</em> Evasion abilities are banned</small></div><div class=""><small><em>Evasion Items Clause:</em> Evasion items are banned</small></div><div class=""><small><em>Evasion Moves Clause:</em> Evasion moves are banned</small></div><div class=""><small><em>Endless Battle Clause:</em> Forcing endless battles is banned</small></div><div class=""><small><em>HP Percentage Mod:</em> HP is shown in percentages</small></div><div class="chat"><div class="infobox"><details class="readmore" open=""><summary><strong>1 custom rule:</strong></summary> Tera Type Preview</details></div></div><div class="chat">Gym Leder Brawl's Tera Types:<br><span class="picon" style="background:transparent url(https://play.pokemonshowdown.com/sprites/pokemonicons-sheet.png?v22) no-repeat scroll -200px -1080px"></span><img src="https://play.pokemonshowdown.com/sprites/types/Steel.png" alt="Steel" height="14" width="32" class="pixelated"> / <span class="picon" style="background:transparent url(https://play.pokemonshowdown.com/sprites/pokemonicons-sheet.png?v22) no-repeat scroll -40px -210px"></span><img src="https://play.pokemonshowdown.com/sprites/types/Normal.png" alt="Normal" height="14" width="32" class="pixelated"> / <span class="picon" style="background:transparent url(https://play.pokemonshowdown.com/sprites/pokemonicons-sheet.png?v22) no-repeat scroll -120px -1590px"></span><img src="https://play.pokemonshowdown.com/sprites/types/Rock.png" alt="Rock" height="14" width="32" class="pixelated"> / <span class="picon" style="background:transparent url(https://play.pokemonshowdown.com/sprites/pokemonicons-sheet.png?v22) no-repeat scroll -80px -870px"></span><img src="https://play.pokemonshowdown.com/sprites/types/Water.png" alt="Water" height="14" width="32" class="pixelated"> / <span class="picon" style="background:transparent url(https://play.pokemonshowdown.com/sprites/pokemonicons-sheet.png?v22) no-repeat scroll -120px -1650px"></span><img src="https://play.pokemonshowdown.com/sprites/types/Grass.png" alt="Grass" height="14" width="32" class="pixelated"> / <span class="picon" style="background:transparent url(https://play.pokemonshowdown.com/sprites/pokemonicons-sheet.png?v22) no-repeat scroll -440px -1650px"></span><img src="https://play.pokemonshowdown.com/sprites/types/Poison.png" alt="Poison" height="14" width="32" class="pixelated"></div><div class="chat">pancake pancake's Tera Types:<br><span class="picon" style="background:transparent url(https://play.pokemonshowdown.com/sprites/pokemonicons-sheet.png?v22) no-repeat scroll -240px -1110px"></span><img src="https://play.pokemonshowdown.com/sprites/types/Ground.png" alt="Ground" height="14" width="32" class="pixelated"> / <span class="picon" style="background:transparent url(https://play.pokemonshowdown.com/sprites/pokemonicons-sheet.png?v22) no-repeat scroll -200px -2490px"></span><img src="https://play.pokemonshowdown.com/sprites/types/Fairy.png" alt="Fairy" height="14" width="32" class="pixelated"> / <span class="picon" style="background:transparent url(https://play.pokemonshowdown.com/sprites/pokemonicons-sheet.png?v22) no-repeat scroll -440px -960px"></span><img src="https://play.pokemonshowdown.com/sprites/types/Water.png" alt="Water" height="14" width="32" class="pixelated"> / <span class="picon" style="background:transparent url(https://play.pokemonshowdown.com/sprites/pokemonicons-sheet.png?v22) no-repeat scroll -360px -1050px"></span><img src="https://play.pokemonshowdown.com/sprites/types/Fairy.png" alt="Fairy" height="14" width="32" class="pixelated"> / <span class="picon" style="background:transparent url(https://play.pokemonshowdown.com/sprites/pokemonicons-sheet.png?v22) no-repeat scroll -360px -3060px"></span><img src="https://play.pokemonshowdown.com/sprites/types/Fighting.png" alt="Fighting" height="14" width="32" class="pixelated"> / <span class="picon" style="background:transparent url(https://play.pokemonshowdown.com/sprites/pokemonicons-sheet.png?v22) no-repeat scroll -320px -300px"></span><img src="https://play.pokemonshowdown.com/sprites/types/Normal.png" alt="Normal" height="14" width="32" class="pixelated"></div><div class="chat battle-history"><strong>Gym Leder Brawl's team:</strong> <em style="color:#445566;display:block;">Bronzong / Dodrio / Terrakion / Milotic / Talonflame / Florges</em></div><div class="chat battle-history"><strong>pancake pancake's team:</strong> <em style="color:#445566;display:block;">Hippowdon / Wo-Chien / Empoleon / Mismagius / Zapdos-Galar / Tauros</em></div><div class="chat"><small> ryan700123 joined</small></div><div class="chat chatmessage-gymlederbrawl"><strong style="color:#33a661"><span class="username"><small class="groupsymbol">☆</small>Gym Leder Brawl</span>:</strong> <em>Gl hf</em></div><div class="chat chatmessage-pancakepancake"><strong style="color:#9b5bb9"><span class="username"><small class="groupsymbol">☆</small>pancake pancake</span>:</strong> <em>hf</em></div><div class="chat"><small> Crown Oji joined</small></div><div class="spacer battle-history"><br></div><div class="battle-history">Battle started between Gym Leder Brawl and pancake pancake!<br></div><div class="spacer battle-history"><br></div><div class="battle-history">Go! <strong>Bronzong</strong>!<br></div><div class="spacer battle-history"><br></div><div class="battle-history">pancake pancake sent out Zapdos (<strong>Zapdos-Galar</strong>)!<br></div><div class="spacer battle-history"><br></div><h2 class="battle-history">Turn 1</h2><div class="chat"><small> ChillerFrost joined</small></div><div class="chat chatmessage-pancakepancake"><strong style="color:#9b5bb9"><span class="username"><small class="groupsymbol">☆</small>pancake pancake</span>:</strong> <em>!servertime</em></div><div class="chat"><div class="infobox">Server time: <b>5/27/2026, 1:24:40 AM</b></div></div><div class="spacer battle-history"><br></div><div class="battle-history">The opposing Zapdos used <strong>Knock Off</strong>!<br></div><div class="battle-history"><small>It's super effective!</small><br></div><div class="battle-history"><small>(Bronzong lost 49% of its health!)</small><br></div><div class="battle-history"><small>The opposing Zapdos knocked off Bronzong's Leftovers!</small><br></div><div class="spacer battle-history"><br></div><div class="battle-history">Bronzong used <strong>Stealth Rock</strong>!<br></div><div class="battle-history"><small>Pointed stones float in the air around the opposing team!</small><br></div><div class="spacer battle-history"><br></div><h2 class="battle-history">Turn 2</h2><div class="spacer battle-history"><br></div><div class="battle-history">pancake pancake withdrew Zapdos!<br></div><div class="battle-history">pancake pancake sent out <strong>Hippowdon</strong>!<br></div><div class="battle-history"><small>Pointed stones dug into the opposing Hippowdon!</small><br></div><div class="battle-history">[The opposing Hippowdon's Sand Stream]<br><small>A sandstorm kicked up!</small><br></div><div class="spacer battle-history"><br></div><div class="battle-history">Bronzong used <strong>Psychic Noise</strong>!<br></div><div class="battle-history"><small>(The opposing Hippowdon lost 14% of its health!)</small><br></div><div class="battle-history"><small>The opposing Hippowdon was prevented from healing!</small><br></div><div class="spacer battle-history"><br></div><div class="battle-history"><small>(The sandstorm is raging.)</small><br></div><div class="spacer battle-history"><br></div><h2 class="battle-history">Turn 3</h2><div class="spacer battle-history"><br></div><div class="battle-history">The opposing Hippowdon used <strong>Crunch</strong>!<br></div><div class="battle-history"><small>It's super effective!</small><br></div><div class="battle-history"><small>(Bronzong lost 35% of its health!)</small><br></div><div class="spacer battle-history"><br></div><div class="battle-history">Bronzong used <strong>Toxic</strong>!<br></div><div class="battle-history"><small>The opposing Hippowdon avoided the attack!</small><br></div><div class="spacer battle-history"><br></div><div class="battle-history"><small>(The sandstorm is raging.)</small><br></div><div class="battle-history"><small>The opposing Hippowdon is no longer prevented from healing!</small><br></div><div class="spacer battle-history"><br></div><h2 class="battle-history">Turn 4</h2><div class="spacer battle-history"><br></div><div class="battle-history">Bronzong, come back!<br></div><div class="battle-history">Go! <strong>Talonflame</strong>!<br></div><div class="spacer battle-history"><br></div><div class="battle-history">The opposing Hippowdon used <strong>Crunch</strong>!<br></div><div class="battle-history"><small>(Talonflame lost 33% of its health!)</small><br></div><div class="spacer battle-history"><br></div><div class="battle-history"><small>(The sandstorm is raging.)</small><br></div><div class="battle-history"><small>Talonflame is buffeted by the sandstorm!</small><br></div><div class="spacer battle-history"><br></div><h2 class="battle-history">Turn 5</h2><div class="spacer battle-history"><br></div><div class="battle-history"><small>Talonflame has Terastallized into the Grass-type!</small><br></div><div class="spacer battle-history"><br></div><div class="battle-history">Talonflame used <strong>Will-O-Wisp</strong>!<br></div><div class="battle-history"><small>The opposing Hippowdon was burned!</small><br></div><div class="spacer battle-history"><br></div><div class="battle-history">The opposing Hippowdon used <strong>Rock Slide</strong>!<br></div><div class="battle-history"><small>(Talonflame lost 16% of its health!)</small><br></div><div class="spacer battle-history"><br></div><div class="battle-history"><small>(The sandstorm is raging.)</small><br></div><div class="battle-history"><small>Talonflame is buffeted by the sandstorm!</small><br></div><div class="battle-history"><small>The opposing Hippowdon was hurt by its burn!</small><br></div><div class="spacer battle-history"><br></div><h2 class="battle-history">Turn 6</h2><div class="spacer battle-history"><br></div><div class="battle-history">pancake pancake withdrew Hippowdon!<br></div><div class="battle-history">pancake pancake sent out Zapdos (<strong>Zapdos-Galar</strong>)!<br></div><div class="battle-history"><small>Pointed stones dug into the opposing Zapdos!</small><br></div><div class="spacer battle-history"><br></div><div class="battle-history">Talonflame used <strong>Roost</strong>!<br></div><div class="battle-history"><small>Talonflame had its HP restored.</small><br></div><div class="spacer battle-history"><br></div><div class="battle-history"><small>The sandstorm subsided.</small><br></div><div class="spacer battle-history"><br></div><h2 class="battle-history">Turn 7</h2><div class="spacer battle-history"><br></div><div class="battle-history">Talonflame, come back!<br></div><div class="battle-history">Go! <strong>Bronzong</strong>!<br></div><div class="spacer battle-history"><br></div><div class="battle-history">The opposing Zapdos used <strong>Brave Bird</strong>!<br></div><div class="battle-history"><small>It's not very effective...</small><br></div><div class="battle-history"><small>(Bronzong lost 16% of its health!)</small><br></div><div class="spacer battle-history"><br></div><div class="battle-history">Bronzong fainted!<br></div><div class="battle-history"><small>The opposing Zapdos was damaged by the recoil!</small><br></div><div class="spacer battle-history"><br></div><div class="battle-history">Go! <strong>Dodrio</strong>!<br></div><div class="spacer battle-history"><br></div><h2 class="battle-history">Turn 8</h2><div class="spacer battle-history"><br></div><div class="battle-history">pancake pancake withdrew Zapdos!<br></div><div class="battle-history">pancake pancake sent out <strong>Empoleon</strong>!<br></div><div class="battle-history"><small>Pointed stones dug into the opposing Empoleon!</small><br></div><div class="spacer battle-history"><br></div><div class="battle-history">Dodrio used <strong>Knock Off</strong>!<br></div><div class="battle-history"><small>(The opposing Empoleon lost 52% of its health!)</small><br></div><div class="battle-history"><small>Dodrio knocked off the opposing Empoleon's Shuca Berry!</small><br></div><div class="spacer battle-history"><br></div><h2 class="battle-history">Turn 9</h2><div class="spacer battle-history"><br></div><div class="battle-history">Dodrio, come back!<br></div><div class="battle-history">Go! <strong>Terrakion</strong>!<br></div><div class="spacer battle-history"><br></div><div class="battle-history">The opposing Empoleon used <strong>Roost</strong>!<br></div><div class="battle-history"><small>The opposing Empoleon had its HP restored.</small><br></div><div class="spacer battle-history"><br></div><h2 class="battle-history">Turn 10</h2><div class="chat"><small> kaui joined</small></div><div class="spacer battle-history"><br></div><div class="battle-history">pancake pancake withdrew Empoleon!<br></div><div class="battle-history">pancake pancake sent out <strong>Mismagius</strong>!<br></div><div class="battle-history"><small>Pointed stones dug into the opposing Mismagius!</small><br></div><div class="spacer battle-history"><br></div><div class="battle-history">Terrakion used <strong>Close Combat</strong>!<br></div><div class="battle-history"><small>It doesn't affect the opposing Mismagius...</small><br></div><div class="spacer battle-history"><br></div><h2 class="battle-history">Turn 11</h2><div class="spacer battle-history"><br></div><div class="battle-history">Terrakion, come back!<br></div><div class="battle-history">Go! <strong>Florges</strong>!<br></div><div class="spacer battle-history"><br></div><div class="battle-history">The opposing Mismagius used <strong>Will-O-Wisp</strong>!<br></div><div class="battle-history"><small>Florges was burned!</small><br></div><div class="spacer battle-history"><br></div><div class="battle-history"><small>Florges was hurt by its burn!</small><br></div><div class="spacer battle-history"><br></div><h2 class="battle-history">Turn 12</h2><div class="spacer battle-history"><br></div><div class="battle-history">pancake pancake withdrew Mismagius!<br></div><div class="battle-history">pancake pancake sent out <strong>Empoleon</strong>!<br></div><div class="battle-history"><small>Pointed stones dug into the opposing Empoleon!</small><br></div><div class="spacer battle-history"><br></div><div class="battle-history">Florges, come back!<br></div><div class="battle-history">Go! <strong>Terrakion</strong>!<br></div><div class="spacer battle-history"><br></div><h2 class="battle-history">Turn 13</h2><div class="spacer battle-history"><br></div><div class="battle-history">pancake pancake withdrew Empoleon!<br></div><div class="battle-history">pancake pancake sent out <strong>Mismagius</strong>!<br></div><div class="battle-history"><small>Pointed stones dug into the opposing Mismagius!</small><br></div><div class="spacer battle-history"><br></div><div class="battle-history">Terrakion used <strong>Close Combat</strong>!<br></div><div class="battle-history"><small>It doesn't affect the opposing Mismagius...</small><br></div><div class="spacer battle-history"><br></div><h2 class="battle-history">Turn 14</h2><div class="spacer battle-history"><br></div><div class="battle-history">Terrakion, come back!<br></div><div class="battle-history">Go! <strong>Florges</strong>!<br></div><div class="spacer battle-history"><br></div><div class="battle-history">The opposing Mismagius used <strong>Calm Mind</strong>!<br></div><div class="battle-history"><small>The opposing Mismagius's Sp. Atk rose!</small><br></div><div class="battle-history"><small>The opposing Mismagius's Sp. Def rose!</small><br></div><div class="spacer battle-history"><br></div><div class="battle-history"><small>Florges restored a little HP using its Leftovers!</small><br></div><div class="battle-history"><small>Florges was hurt by its burn!</small><br></div><div class="spacer battle-history"><br></div><h2 class="battle-history">Turn 15</h2><div class="spacer battle-history"><br></div><div class="battle-history">The opposing Mismagius used <strong>Calm Mind</strong>!<br></div><div class="battle-history"><small>The opposing Mismagius's Sp. Atk rose!</small><br></div><div class="battle-history"><small>The opposing Mismagius's Sp. Def rose!</small><br></div><div class="spacer battle-history"><br></div><div class="battle-history">Florges used <strong>Wish</strong>!<br></div><div class="spacer battle-history"><br></div><div class="battle-history"><small>Florges restored a little HP using its Leftovers!</small><br></div><div class="battle-history"><small>Florges was hurt by its burn!</small><br></div><div class="spacer battle-history"><br></div><h2 class="battle-history">Turn 16</h2><div class="spacer battle-history"><br></div><div class="battle-history">Florges, come back!<br></div><div class="battle-history">Go! <strong>Dodrio</strong>!<br></div><div class="spacer battle-history"><br></div><div class="battle-history">The opposing Mismagius used <strong>Calm Mind</strong>!<br></div><div class="battle-history"><small>The opposing Mismagius's Sp. Atk rose!</small><br></div><div class="battle-history"><small>The opposing Mismagius's Sp. Def rose!</small><br></div><div class="spacer battle-history"><br></div><h2 class="battle-history">Turn 17</h2><div class="spacer battle-history"><br></div><div class="battle-history"><small>The opposing Mismagius has Terastallized into the Fairy-type!</small><br></div><div class="spacer battle-history"><br></div><div class="battle-history">Dodrio used <strong>Brave Bird</strong>!<br></div><div class="battle-history"><small>(The opposing Mismagius lost 76% of its health!)</small><br></div><div class="spacer battle-history"><br></div><div class="battle-history">The opposing Mismagius fainted!<br></div><div class="battle-history"><small>Dodrio was damaged by the recoil!</small><br></div><div class="spacer battle-history"><br></div><div class="battle-history">pancake pancake sent out <strong>Empoleon</strong>!<br></div><div class="battle-history"><small>Pointed stones dug into the opposing Empoleon!</small><br></div><div class="spacer battle-history"><br></div><h2 class="battle-history">Turn 18</h2><div class="spacer battle-history"><br></div><div class="battle-history">Dodrio, come back!<br></div><div class="battle-history">Go! <strong>Talonflame</strong>!<br></div><div class="spacer battle-history"><br></div><div class="battle-history">The opposing Empoleon used <strong>Grass Knot</strong>!<br></div><div class="battle-history"><small>It's not very effective...</small><br></div><div class="battle-history"><small>(Talonflame lost 9% of its health!)</small><br></div><div class="spacer battle-history"><br></div><h2 class="battle-history">Turn 19</h2><div class="spacer battle-history"><br></div><div class="battle-history">Talonflame used <strong>Will-O-Wisp</strong>!<br></div><div class="battle-history"><small>The opposing Empoleon was burned!</small><br></div><div class="spacer battle-history"><br></div><div class="battle-history">The opposing Empoleon used <strong>Ice Beam</strong>!<br></div><div class="battle-history"><small>It's super effective!</small><br></div><div class="battle-history"><small>(Talonflame lost 78% of its health!)</small><br></div><div class="spacer battle-history"><br></div><div class="battle-history"><small>The opposing Empoleon was hurt by its burn!</small><br></div><div class="spacer battle-history"><br></div><h2 class="battle-history">Turn 20</h2><div class="spacer battle-history"><br></div><div class="battle-history">Talonflame used <strong>U-turn</strong>!<br></div><div class="battle-history"><small>It's not very effective...</small><br></div><div class="battle-history"><small>(The opposing Empoleon lost 9% of its health!)</small><br></div><div class="spacer battle-history"><br></div><div class="battle-history">Talonflame went back to Gym Leder Brawl!<br></div><div class="battle-history">Go! <strong>Florges</strong>!<br></div><div class="spacer battle-history"><br></div><div class="battle-history">The opposing Empoleon used <strong>Roost</strong>!<br></div><div class="battle-history"><small>The opposing Empoleon had its HP restored.</small><br></div><div class="spacer battle-history"><br></div><div class="battle-history"><small>Florges restored a little HP using its Leftovers!</small><br></div><div class="battle-history"><small>The opposing Empoleon was hurt by its burn!</small><br></div><div class="battle-history"><small>Florges was hurt by its burn!</small><br></div><div class="spacer battle-history"><br></div><h2 class="battle-history">Turn 21</h2><div class="spacer battle-history"><br></div><div class="battle-history">pancake pancake withdrew Empoleon!<br></div><div class="battle-history">pancake pancake sent out <strong>Wo-Chien</strong>!<br></div><div class="battle-history"><small>Pointed stones dug into the opposing Wo-Chien!</small><br></div><div class="battle-history">[The opposing Wo-Chien's Tablets of Ruin]<br><small>The opposing Wo-Chien's Tablets of Ruin weakened the Attack of all surrounding Pokémon!</small><br></div><div class="spacer battle-history"><br></div><div class="battle-history">Florges used <strong>Wish</strong>!<br></div><div class="spacer battle-history"><br></div><div class="battle-history"><small>The opposing Wo-Chien restored a little HP using its Leftovers!</small><br></div><div class="battle-history"><small>Florges restored a little HP using its Leftovers!</small><br></div><div class="battle-history"><small>Florges was hurt by its burn!</small><br></div><div class="spacer battle-history"><br></div><h2 class="battle-history">Turn 22</h2><div class="chat"><small> serendipidu joined</small></div><div class="spacer battle-history"><br></div><div class="battle-history">The opposing Wo-Chien used <strong>Knock Off</strong>!<br></div><div class="battle-history"><small>It's not very effective...</small><br></div><div class="battle-history"><small>(Florges lost 16% of its health!)</small><br></div><div class="battle-history"><small>The opposing Wo-Chien knocked off Florges's Leftovers!</small><br></div><div class="spacer battle-history"><br></div><div class="battle-history">Florges used <strong>Moonblast</strong>!<br></div><div class="battle-history"><small>It's super effective!</small><br></div><div class="battle-history"><small>(The opposing Wo-Chien lost 54% of its health!)</small><br></div><div class="spacer battle-history"><br></div><div class="battle-history"><small>Florges's wish came true!</small><br></div><div class="battle-history"><small>The opposing Wo-Chien restored a little HP using its Leftovers!</small><br></div><div class="battle-history"><small>Florges was hurt by its burn!</small><br></div><div class="spacer battle-history"><br></div><h2 class="battle-history">Turn 23</h2><div class="spacer battle-history"><br></div><div class="battle-history">The opposing Wo-Chien used <strong>Protect</strong>!<br></div><div class="battle-history"><small>The opposing Wo-Chien protected itself!</small><br></div><div class="spacer battle-history"><br></div><div class="battle-history">Florges used <strong>Moonblast</strong>!<br></div><div class="battle-history"><small>The opposing Wo-Chien protected itself!</small><br></div><div class="spacer battle-history"><br></div><div class="battle-history"><small>The opposing Wo-Chien restored a little HP using its Leftovers!</small><br></div><div class="battle-history"><small>Florges was hurt by its burn!</small><br></div><div class="spacer battle-history"><br></div><h2 class="battle-history">Turn 24</h2><div class="chat"><small> ksch joined</small></div><div class="spacer battle-history"><br></div><div class="battle-history">The opposing Wo-Chien used <strong>Leech Seed</strong>!<br></div><div class="battle-history"><small>Florges was seeded!</small><br></div><div class="spacer battle-history"><br></div><div class="battle-history">Florges used <strong>Moonblast</strong>!<br></div><div class="battle-history"><small>It's super effective!</small><br></div><div class="battle-history"><small>(The opposing Wo-Chien lost 52% of its health!)</small><br></div><div class="spacer battle-history"><br></div><div class="battle-history">The opposing Wo-Chien fainted!<br></div><div class="spacer battle-history"><br></div><div class="battle-history"><small>Florges was hurt by its burn!</small><br></div><div class="spacer battle-history"><br></div><div class="battle-history">pancake pancake sent out <strong>Tauros</strong>!<br></div><div class="battle-history"><small>Pointed stones dug into the opposing Tauros!</small><br></div><div class="spacer battle-history"><br></div><h2 class="battle-history">Turn 25</h2><div class="chat"><small> Doctashock joined</small></div><div class="spacer battle-history"><br></div><div class="battle-history">Florges, come back!<br></div><div class="battle-history">Go! <strong>Talonflame</strong>!<br></div><div class="spacer battle-history"><br></div><div class="battle-history">The opposing Tauros used <strong>Iron Head</strong>!<br></div><div class="battle-history"><small>(Talonflame lost 2% of its health!)</small><br></div><div class="spacer battle-history"><br></div><div class="battle-history">Talonflame fainted!<br></div><div class="spacer battle-history"><br></div><div class="battle-history">Go! <strong>Milotic</strong>!<br></div><div class="spacer battle-history"><br></div><h2 class="battle-history">Turn 26</h2><div class="spacer battle-history"><br></div><div class="battle-history">The opposing Tauros used <strong>Body Slam</strong>!<br></div><div class="battle-history"><small>(Milotic lost 43% of its health!)</small><br></div><div class="spacer battle-history"><br></div><div class="battle-history">Milotic used <strong>Flip Turn</strong>!<br></div><div class="battle-history"><small>(The opposing Tauros lost 16% of its health!)</small><br></div><div class="spacer battle-history"><br></div><div class="battle-history">Milotic went back to Gym Leder Brawl!<br></div><div class="battle-history">Go! <strong>Terrakion</strong>!<br></div><div class="spacer battle-history"><br></div><h2 class="battle-history">Turn 27</h2><div class="spacer battle-history"><br></div><div class="battle-history">pancake pancake withdrew Tauros!<br></div><div class="battle-history">pancake pancake sent out <strong>Hippowdon</strong>!<br></div><div class="battle-history"><small>Pointed stones dug into the opposing Hippowdon!</small><br></div><div class="battle-history">[The opposing Hippowdon's Sand Stream]<br><small>A sandstorm kicked up!</small><br></div><div class="spacer battle-history"><br></div><div class="battle-history">Terrakion used <strong>Close Combat</strong>!<br></div><div class="battle-history"><small>(The opposing Hippowdon lost 41% of its health!)</small><br></div><div class="battle-history"><small>Terrakion's Defense fell!</small><br></div><div class="battle-history"><small>Terrakion's Sp. Def fell!</small><br></div><div class="spacer battle-history"><br></div><div class="battle-history"><small>(The sandstorm is raging.)</small><br></div><div class="battle-history"><small>The opposing Hippowdon was hurt by its burn!</small><br></div><div class="spacer battle-history"><br></div><h2 class="battle-history">Turn 28</h2><div class="spacer battle-history"><br></div><div class="battle-history">Terrakion used <strong>Close Combat</strong>!<br></div><div class="battle-history"><small>(The opposing Hippowdon lost 20% of its health!)</small><br></div><div class="battle-history"><small>Terrakion's Defense fell!</small><br></div><div class="battle-history"><small>Terrakion's Sp. Def fell!</small><br></div><div class="spacer battle-history"><br></div><div class="battle-history">The opposing Hippowdon fainted!<br></div><div class="spacer battle-history"><br></div><div class="battle-history"><small>(The sandstorm is raging.)</small><br></div><div class="spacer battle-history"><br></div><div class="battle-history">pancake pancake sent out Zapdos (<strong>Zapdos-Galar</strong>)!<br></div><div class="battle-history"><small>Pointed stones dug into the opposing Zapdos!</small><br></div><div class="spacer battle-history"><br></div><h2 class="battle-history">Turn 29</h2><div class="spacer battle-history"><br></div><div class="battle-history">Terrakion, come back!<br></div><div class="battle-history">Go! <strong>Florges</strong>!<br></div><div class="spacer battle-history"><br></div><div class="battle-history">The opposing Zapdos used <strong>Close Combat</strong>!<br></div><div class="battle-history"><small>It's not very effective...</small><br></div><div class="battle-history"><small>(Florges lost 35% of its health!)</small><br></div><div class="battle-history"><small>The opposing Zapdos's Defense fell!</small><br></div><div class="battle-history"><small>The opposing Zapdos's Sp. Def fell!</small><br></div><div class="spacer battle-history"><br></div><div class="battle-history"><small>(The sandstorm is raging.)</small><br></div><div class="battle-history"><small>The opposing Zapdos is buffeted by the sandstorm!</small><br></div><div class="battle-history"><small>Florges is buffeted by the sandstorm!</small><br></div><div class="battle-history"><small>Florges was hurt by its burn!</small><br></div><div class="spacer battle-history"><br></div><h2 class="battle-history">Turn 30</h2><div class="spacer battle-history"><br></div><div class="battle-history">The opposing Zapdos used <strong>Close Combat</strong>!<br></div><div class="battle-history"><small>It's not very effective...</small><br></div><div class="battle-history"><small>A critical hit!</small><br></div><div class="battle-history"><small>(Florges lost 35% of its health!)</small><br></div><div class="battle-history"><small>The opposing Zapdos's Defense fell!</small><br></div><div class="battle-history"><small>The opposing Zapdos's Sp. Def fell!</small><br></div><div class="spacer battle-history"><br></div><div class="battle-history">Florges fainted!<br></div><div class="spacer battle-history"><br></div><div class="battle-history"><small>(The sandstorm is raging.)</small><br></div><div class="battle-history"><small>The opposing Zapdos is buffeted by the sandstorm!</small><br></div><div class="spacer battle-history"><br></div><div class="battle-history">Go! <strong>Milotic</strong>!<br></div><div class="spacer battle-history"><br></div><h2 class="battle-history">Turn 31</h2><div class="spacer battle-history"><br></div><div class="battle-history">pancake pancake withdrew Zapdos!<br></div><div class="battle-history">pancake pancake sent out <strong>Empoleon</strong>!<br></div><div class="battle-history"><small>Pointed stones dug into the opposing Empoleon!</small><br></div><div class="spacer battle-history"><br></div><div class="battle-history">Milotic used <strong>Recover</strong>!<br></div><div class="battle-history"><small>Milotic had its HP restored.</small><br></div><div class="spacer battle-history"><br></div><div class="battle-history"><small>The sandstorm subsided.</small><br></div><div class="battle-history"><small>The opposing Empoleon was hurt by its burn!</small><br></div><div class="spacer battle-history"><br></div><h2 class="battle-history">Turn 32</h2><div class="spacer battle-history"><br></div><div class="battle-history">The opposing Empoleon used <strong>Grass Knot</strong>!<br></div><div class="battle-history"><small>It's super effective!</small><br></div><div class="battle-history"><small>(Milotic lost 49% of its health!)</small><br></div><div class="spacer battle-history"><br></div><div class="battle-history">Milotic used <strong>Flip Turn</strong>!<br></div><div class="battle-history"><small>It's not very effective...</small><br></div><div class="battle-history"><small>A critical hit!</small><br></div><div class="battle-history"><small>(The opposing Empoleon lost 10% of its health!)</small><br></div><div class="spacer battle-history"><br></div><div class="battle-history">Milotic went back to Gym Leder Brawl!<br></div><div class="battle-history">Go! <strong>Terrakion</strong>!<br></div><div class="spacer battle-history"><br></div><div class="battle-history"><small>The opposing Empoleon was hurt by its burn!</small><br></div><div class="spacer battle-history"><br></div><h2 class="battle-history">Turn 33</h2><div class="spacer battle-history"><br></div><div class="battle-history">Terrakion used <strong>Close Combat</strong>!<br></div><div class="battle-history"><small>It's super effective!</small><br></div><div class="battle-history"><small>(The opposing Empoleon lost 66% of its health!)</small><br></div><div class="battle-history"><small>Terrakion's Defense fell!</small><br></div><div class="battle-history"><small>Terrakion's Sp. Def fell!</small><br></div><div class="spacer battle-history"><br></div><div class="battle-history">The opposing Empoleon fainted!<br></div><div class="spacer battle-history"><br></div><div class="battle-history">pancake pancake sent out Zapdos (<strong>Zapdos-Galar</strong>)!<br></div><div class="battle-history"><small>Pointed stones dug into the opposing Zapdos!</small><br></div><div class="spacer battle-history"><br></div><h2 class="battle-history">Turn 34</h2><div class="spacer battle-history"><br></div><div class="battle-history">The opposing Zapdos used <strong>Close Combat</strong>!<br></div><div class="battle-history"><small>It's super effective!</small><br></div><div class="battle-history"><small>(Terrakion lost 100% of its health!)</small><br></div><div class="battle-history"><small>The opposing Zapdos's Defense fell!</small><br></div><div class="battle-history"><small>The opposing Zapdos's Sp. Def fell!</small><br></div><div class="spacer battle-history"><br></div><div class="battle-history">Terrakion fainted!<br></div><div class="spacer battle-history"><br></div><div class="battle-history">Go! <strong>Milotic</strong>!<br></div><div class="spacer battle-history"><br></div><h2 class="battle-history">Turn 35</h2><div class="spacer battle-history"><br></div><div class="battle-history">The opposing Zapdos used <strong>Close Combat</strong>!<br></div><div class="battle-history"><small>(Milotic lost 46% of its health!)</small><br></div><div class="battle-history"><small>The opposing Zapdos's Defense fell!</small><br></div><div class="battle-history"><small>The opposing Zapdos's Sp. Def fell!</small><br></div><div class="spacer battle-history"><br></div><div class="battle-history">Milotic used <strong>Recover</strong>!<br></div><div class="battle-history"><small>Milotic had its HP restored.</small><br></div><div class="spacer battle-history"><br></div><div class="battle-history"><small>Milotic restored a little HP using its Leftovers!</small><br></div><div class="spacer battle-history"><br></div><h2 class="battle-history">Turn 36</h2><div class="spacer battle-history"><br></div><div class="battle-history">pancake pancake withdrew Zapdos!<br></div><div class="battle-history">pancake pancake sent out <strong>Tauros</strong>!<br></div><div class="battle-history"><small>Pointed stones dug into the opposing Tauros!</small><br></div><div class="spacer battle-history"><br></div><div class="battle-history">Milotic used <strong>Recover</strong>!<br></div><div class="battle-history"><small>Milotic had its HP restored.</small><br></div><div class="spacer battle-history"><br></div><h2 class="battle-history">Turn 37</h2><div class="spacer battle-history"><br></div><div class="battle-history">The opposing Tauros used <strong>Body Slam</strong>!<br></div><div class="battle-history"><small>(Milotic lost 43% of its health!)</small><br></div><div class="spacer battle-history"><br></div><div class="battle-history">Milotic used <strong>Scald</strong>!<br></div><div class="battle-history"><small>(The opposing Tauros lost 47% of its health!)</small><br></div><div class="spacer battle-history"><br></div><div class="battle-history"><small>Milotic restored a little HP using its Leftovers!</small><br></div><div class="spacer battle-history"><br></div><h2 class="battle-history">Turn 38</h2><div class="spacer battle-history"><br></div><div class="battle-history">The opposing Tauros used <strong>Body Slam</strong>!<br></div><div class="battle-history"><small>(Milotic lost 47% of its health!)</small><br></div><div class="spacer battle-history"><br></div><div class="battle-history">Milotic used <strong>Recover</strong>!<br></div><div class="battle-history"><small>Milotic had its HP restored.</small><br></div><div class="spacer battle-history"><br></div><div class="battle-history"><small>Milotic restored a little HP using its Leftovers!</small><br></div><div class="spacer battle-history"><br></div><h2 class="battle-history">Turn 39</h2><div class="spacer battle-history"><br></div><div class="battle-history">The opposing Tauros used <strong>Body Slam</strong>!<br></div><div class="battle-history"><small>(Milotic lost 44% of its health!)</small><br></div><div class="spacer battle-history"><br></div><div class="battle-history">Milotic used <strong>Recover</strong>!<br></div><div class="battle-history"><small>Milotic had its HP restored.</small><br></div><div class="spacer battle-history"><br></div><div class="battle-history"><small>Milotic restored a little HP using its Leftovers!</small><br></div><div class="spacer battle-history"><br></div><h2 class="battle-history">Turn 40</h2><div class="spacer battle-history"><br></div><div class="battle-history">The opposing Tauros used <strong>Body Slam</strong>!<br></div><div class="battle-history"><small>(Milotic lost 42% of its health!)</small><br></div><div class="spacer battle-history"><br></div><div class="battle-history">Milotic used <strong>Recover</strong>!<br></div><div class="battle-history"><small>Milotic had its HP restored.</small><br></div><div class="spacer battle-history"><br></div><div class="battle-history"><small>Milotic restored a little HP using its Leftovers!</small><br></div><div class="spacer battle-history"><br></div><h2 class="battle-history">Turn 41</h2><div class="spacer battle-history"><br></div><div class="battle-history">The opposing Tauros used <strong>Body Slam</strong>!<br></div><div class="battle-history"><small>(Milotic lost 45% of its health!)</small><br></div><div class="spacer battle-history"><br></div><div class="battle-history">Milotic used <strong>Scald</strong>!<br></div><div class="battle-history"><small>(The opposing Tauros lost 13% of its health!)</small><br></div><div class="spacer battle-history"><br></div><div class="battle-history">The opposing Tauros fainted!<br></div><div class="spacer battle-history"><br></div><div class="battle-history"><small>Milotic restored a little HP using its Leftovers!</small><br></div><div class="spacer battle-history"><br></div><div class="battle-history">pancake pancake sent out Zapdos (<strong>Zapdos-Galar</strong>)!<br></div><div class="battle-history"><small>Pointed stones dug into the opposing Zapdos!</small><br></div><div class="spacer battle-history"><br></div><h2 class="battle-history">Turn 42</h2><div class="spacer battle-history"><br></div><div class="battle-history">The opposing Zapdos used <strong>Close Combat</strong>!<br></div><div class="battle-history"><small>(Milotic lost 50% of its health!)</small><br></div><div class="battle-history"><small>The opposing Zapdos's Defense fell!</small><br></div><div class="battle-history"><small>The opposing Zapdos's Sp. Def fell!</small><br></div><div class="spacer battle-history"><br></div><div class="battle-history">Milotic used <strong>Recover</strong>!<br></div><div class="battle-history"><small>Milotic had its HP restored.</small><br></div><div class="spacer battle-history"><br></div><div class="battle-history"><small>Milotic restored a little HP using its Leftovers!</small><br></div><div class="spacer battle-history"><br></div><h2 class="battle-history">Turn 43</h2><div class="spacer battle-history"><br></div><div class="battle-history">The opposing Zapdos used <strong>Close Combat</strong>!<br></div><div class="battle-history"><small>(Milotic lost 48% of its health!)</small><br></div><div class="battle-history"><small>The opposing Zapdos's Defense fell!</small><br></div><div class="battle-history"><small>The opposing Zapdos's Sp. Def fell!</small><br></div><div class="spacer battle-history"><br></div><div class="battle-history">Milotic used <strong>Ice Beam</strong>!<br></div><div class="battle-history"><small>It's super effective!</small><br></div><div class="battle-history"><small>(The opposing Zapdos lost 34% of its health!)</small><br></div><div class="spacer battle-history"><br></div><div class="battle-history">The opposing Zapdos fainted!<br></div><div class="spacer battle-history"><br></div><div class="battle-history"><strong>Gym Leder Brawl</strong> won the battle!<br></div><div class="chat chatmessage-pancakepancake"><strong style="color:#9b5bb9"><span class="username"><small class="groupsymbol">☆</small>pancake pancake</span>:</strong> <em>gg</em></div><div class="chat chatmessage-gymlederbrawl"><strong style="color:#33a661"><span class="username"><small class="groupsymbol">☆</small>Gym Leder Brawl</span>:</strong> <em>Gg</em></div><div class="chat"><small> ksch left</small></div></div><div class="inner-preempt message-log"></div></div></div>
</div>
<script>
let daily = Math.floor(Date.now()/1000/60/60/24);document.write('<script src="https://play.pokemonshowdown.com/js/replay-embed.js?version'+daily+'"></'+'script>');
</script>
