<!DOCTYPE html>
<meta charset="utf-8" />
<!-- version 1 -->
<title>[Gen 9] NatDex Draft replay: ReliantColey vs. TheRealMuney</title>
<style>
html,body {font-family:Verdana, sans-serif;font-size:10pt;margin:0;padding:0;}body{padding:12px 0;} .battle-log {font-family:Verdana, sans-serif;font-size:10pt;} .battle-log-inline {border:1px solid #AAAAAA;background:#EEF2F5;color:black;max-width:640px;margin:0 auto 80px;padding-bottom:5px;} .battle-log .inner {padding:4px 8px 0px 8px;} .battle-log .inner-preempt {padding:0 8px 4px 8px;} .battle-log .inner-after {margin-top:0.5em;} .battle-log h2 {margin:0.5em -8px;padding:4px 8px;border:1px solid #AAAAAA;background:#E0E7EA;border-left:0;border-right:0;font-family:Verdana, sans-serif;font-size:13pt;} .battle-log .chat {vertical-align:middle;padding:3px 0 3px 0;font-size:8pt;} .battle-log .chat strong {color:#40576A;} .battle-log .chat em {padding:1px 4px 1px 3px;color:#000000;font-style:normal;} .chat.mine {background:rgba(0,0,0,0.05);margin-left:-8px;margin-right:-8px;padding-left:8px;padding-right:8px;} .spoiler {color:#BBBBBB;background:#BBBBBB;padding:0px 3px;} .spoiler:hover, .spoiler:active, .spoiler-shown {color:#000000;background:#E2E2E2;padding:0px 3px;} .spoiler a {color:#BBBBBB;} .spoiler:hover a, .spoiler:active a, .spoiler-shown a {color:#2288CC;} .chat code, .chat .spoiler:hover code, .chat .spoiler:active code, .chat .spoiler-shown code {border:1px solid #C0C0C0;background:#EEEEEE;color:black;padding:0 2px;} .chat .spoiler code {border:1px solid #CCCCCC;background:#CCCCCC;color:#CCCCCC;} .battle-log .rated {padding:3px 4px;} .battle-log .rated strong {color:white;background:#89A;padding:1px 4px;border-radius:4px;} .spacer {margin-top:0.5em;} .message-announce {background:#6688AA;color:white;padding:1px 4px 2px;} .message-announce a, .broadcast-green a, .broadcast-blue a, .broadcast-red a {color:#DDEEFF;} .broadcast-green {background-color:#559955;color:white;padding:2px 4px;} .broadcast-blue {background-color:#6688AA;color:white;padding:2px 4px;} .infobox {border:1px solid #6688AA;padding:2px 4px;} .infobox-limited {max-height:200px;overflow:auto;overflow-x:hidden;} .broadcast-red {background-color:#AA5544;color:white;padding:2px 4px;} .message-learn-canlearn {font-weight:bold;color:#228822;text-decoration:underline;} .message-learn-cannotlearn {font-weight:bold;color:#CC2222;text-decoration:underline;} .message-effect-weak {font-weight:bold;color:#CC2222;} .message-effect-resist {font-weight:bold;color:#6688AA;} .message-effect-immune {font-weight:bold;color:#666666;} .message-learn-list {margin-top:0;margin-bottom:0;} .message-throttle-notice, .message-error {color:#992222;} .message-overflow, .chat small.message-overflow {font-size:0pt;} .message-overflow::before {font-size:9pt;content:'...';} .subtle {color:#3A4A66;}
</style>
<div class="wrapper replay-wrapper" style="max-width:1180px;margin:0 auto">
<input type="hidden" name="replayid" value="gen9natdexdraft-2312796542" />
<div class="battle"></div><div class="battle-log"></div><div class="replay-controls"></div><div class="replay-controls-2"></div>
<h1 style="font-weight:normal;text-align:center"><strong>[Gen 9] NatDex Draft</strong><br /><a href="http://pokemonshowdown.com/users/reliantcoley" class="subtle" target="_blank">ReliantColey</a> vs. <a href="http://pokemonshowdown.com/users/therealmuney" class="subtle" target="_blank">TheRealMuney</a></h1>
<script type="text/plain" class="battle-log-data">
|j|☆ReliantColey
|j|☆TheRealMuney
|t:|1741151698
|gametype|singles
|player|p1|ReliantColey|grimsley|
|player|p2|TheRealMuney|n|
|teamsize|p1|6
|teamsize|p2|6
|gen|9
|tier|[Gen 9] NatDex Draft
|rule|Sleep Clause Mod: Limit one foe put to sleep
|rule|OHKO Clause: OHKO moves are banned
|rule|Evasion Clause: Evasion abilities, items, and moves are banned
|rule|Evasion Abilities Clause: Evasion abilities are banned
|rule|Evasion Items Clause: Evasion items are banned
|rule|Evasion Moves Clause: Evasion moves are banned
|rule|Endless Battle Clause: Forcing endless battles is banned
|rule|HP Percentage Mod: HP is shown in percentages
|clearpoke
|poke|p1|Zarude|
|poke|p1|Scizor, M|
|poke|p1|Cinderace, F|
|poke|p1|Mimikyu, M|
|poke|p1|Iron Hands|
|poke|p1|Terapagos, M|
|poke|p2|Swellow, M|
|poke|p2|Swampert, M|
|poke|p2|Weezing, F|
|poke|p2|Grimmsnarl, M|
|poke|p2|Iron Valiant|
|poke|p2|Magcargo, F|
|teampreview
|j| DoctaShock
|j| ksch
|c|☆ReliantColey|gl hf
|c|☆TheRealMuney|u2
|
|t:|1741151804
|start
|switch|p1a: Scizor|Scizor, M|100\/100
|switch|p2a: Weezing|Weezing, F|100\/100
|turn|1
|
|t:|1741151839
|move|p1a: Scizor|U-turn|p2a: Weezing
|-resisted|p2a: Weezing
|-damage|p2a: Weezing|85\/100
|j| mukmuk1
|l| mukmuk1
|
|t:|1741151863
|switch|p1a: Terapagos|Terapagos, M|100\/100|[from] U-turn
|-activate|p1a: Terapagos|ability: Tera Shift
|detailschange|p1a: Terapagos|Terapagos-Terastal, M
|-heal|p1a: Terapagos|100\/100|[silent]
|move|p2a: Weezing|Flamethrower|p1a: Terapagos
|-activate|p1a: Terapagos|ability: Tera Shell
|-resisted|p1a: Terapagos
|-damage|p1a: Terapagos|93\/100
|
|-heal|p2a: Weezing|91\/100|[from] item: Leftovers
|upkeep
|turn|2
|
|t:|1741151888
|move|p1a: Terapagos|Rapid Spin|p2a: Weezing
|-damage|p2a: Weezing|79\/100
|-boost|p1a: Terapagos|spe|1
|move|p2a: Weezing|Infestation|p1a: Terapagos
|-damage|p1a: Terapagos|90\/100
|-activate|p1a: Terapagos|move: Infestation|[of] p2a: Weezing
|
|-heal|p2a: Weezing|85\/100|[from] item: Leftovers
|-damage|p1a: Terapagos|77\/100|[from] move: Infestation|[partiallytrapped]
|upkeep
|turn|3
|j| Crown oji
|
|t:|1741151903
|move|p1a: Terapagos|Tera Starstorm|p2a: Weezing
|-damage|p2a: Weezing|47\/100
|move|p2a: Weezing|Will-O-Wisp|p1a: Terapagos
|-status|p1a: Terapagos|brn
|
|-heal|p2a: Weezing|53\/100|[from] item: Leftovers
|-damage|p1a: Terapagos|71\/100 brn|[from] brn
|-damage|p1a: Terapagos|59\/100 brn|[from] move: Infestation|[partiallytrapped]
|upkeep
|turn|4
|
|t:|1741151929
|move|p1a: Terapagos|Calm Mind|p1a: Terapagos
|-boost|p1a: Terapagos|spa|1
|-boost|p1a: Terapagos|spd|1
|move|p2a: Weezing|Sludge Wave|p1a: Terapagos
|-damage|p1a: Terapagos|44\/100 brn
|
|-heal|p2a: Weezing|59\/100|[from] item: Leftovers
|-damage|p1a: Terapagos|38\/100 brn|[from] brn
|-damage|p1a: Terapagos|25\/100 brn|[from] move: Infestation|[partiallytrapped]
|upkeep
|turn|5
|
|t:|1741151938
|move|p1a: Terapagos|Tera Starstorm|p2a: Weezing
|-damage|p2a: Weezing|3\/100
|move|p2a: Weezing|Sludge Wave|p1a: Terapagos
|-damage|p1a: Terapagos|9\/100 brn
|
|-heal|p2a: Weezing|9\/100|[from] item: Leftovers
|-damage|p1a: Terapagos|3\/100 brn|[from] brn
|-damage|p1a: Terapagos|0 fnt|[from] move: Infestation|[partiallytrapped]
|faint|p1a: Terapagos
|upkeep
|j| ChillerFrost
|
|t:|1741151964
|switch|p1a: Cinderace|Cinderace, F|100\/100
|turn|6
|
|t:|1741151975
|move|p1a: Cinderace|U-turn|p2a: Weezing
|-start|p1a: Cinderace|typechange|Bug|[from] ability: Libero
|-resisted|p2a: Weezing
|-damage|p2a: Weezing|0 fnt
|faint|p2a: Weezing
|
|t:|1741151980
|switch|p1a: Scizor|Scizor, M|100\/100|[from] U-turn
|
|upkeep
|c|☆ReliantColey|!servertime
|c| ReliantColey|\/raw <div class="infobox">Server time: <b>3\/5\/2025, 5:20:22 AM<\/b><\/div>
|j| serendipidu
|l| serendipidu
|j| conundromic
|
|t:|1741152096
|switch|p2a: Swellow|Swellow, M|100\/100
|turn|7
|j| Bunnnies
|
|t:|1741152122
|switch|p1a: Cinderace|Cinderace, F|100\/100
|-terastallize|p2a: Swellow|Normal
|move|p2a: Swellow|Boomburst|p1a: Cinderace
|-damage|p1a: Cinderace|0 fnt
|faint|p1a: Cinderace
|
|upkeep
|
|t:|1741152160
|switch|p1a: Iron Hands|Iron Hands|100\/100
|turn|8
|
|t:|1741152211
|switch|p2a: Swampert|Swampert, M|100\/100
|move|p1a: Iron Hands|Volt Switch|p2a: Swampert
|-immune|p2a: Swampert
|
|upkeep
|turn|9
|
|t:|1741152221
|-end|p1a: Iron Hands|Quark Drive|[silent]
|switch|p1a: Zarude|Zarude|100\/100
|move|p2a: Swampert|Ice Beam|p1a: Zarude
|-supereffective|p1a: Zarude
|-crit|p1a: Zarude
|-damage|p1a: Zarude|60\/100
|
|-heal|p1a: Zarude|66\/100|[from] item: Leftovers
|upkeep
|turn|10
|
|t:|1741152253
|switch|p2a: Magcargo|Magcargo, F|100\/100
|-terastallize|p1a: Zarude|Fire
|move|p1a: Zarude|Jungle Healing|p1a: Zarude
|-heal|p1a: Zarude|91\/100
|
|-heal|p1a: Zarude|97\/100|[from] item: Leftovers
|upkeep
|turn|11
|
|t:|1741152263
|move|p1a: Zarude|Bulk Up|p1a: Zarude
|-boost|p1a: Zarude|atk|1
|-boost|p1a: Zarude|def|1
|move|p2a: Magcargo|Shell Smash|p2a: Magcargo
|-unboost|p2a: Magcargo|def|1
|-unboost|p2a: Magcargo|spd|1
|-boost|p2a: Magcargo|atk|2
|-boost|p2a: Magcargo|spa|2
|-boost|p2a: Magcargo|spe|2
|-enditem|p2a: Magcargo|White Herb
|-clearnegativeboost|p2a: Magcargo|[silent]
|
|-heal|p1a: Zarude|100\/100|[from] item: Leftovers
|upkeep
|turn|12
|
|t:|1741152304
|move|p1a: Zarude|Knock Off|p2a: Magcargo
|-damage|p2a: Magcargo|65\/100
|-ability|p2a: Magcargo|Weak Armor|boost
|-unboost|p2a: Magcargo|def|1
|-boost|p2a: Magcargo|spe|2
|move|p2a: Magcargo|Earth Power|p1a: Zarude
|-supereffective|p1a: Zarude
|-damage|p1a: Zarude|39\/100
|
|-heal|p1a: Zarude|45\/100|[from] item: Leftovers
|upkeep
|turn|13
|
|t:|1741152344
|switch|p1a: Scizor|Scizor, M|100\/100
|move|p2a: Magcargo|Shell Smash|p2a: Magcargo
|-unboost|p2a: Magcargo|def|1
|-unboost|p2a: Magcargo|spd|1
|-boost|p2a: Magcargo|atk|2
|-boost|p2a: Magcargo|spa|2
|-boost|p2a: Magcargo|spe|2
|
|upkeep
|turn|14
|
|t:|1741152365
|move|p1a: Scizor|Bullet Punch|p2a: Magcargo
|-damage|p2a: Magcargo|12\/100
|-ability|p2a: Magcargo|Weak Armor|boost
|-unboost|p2a: Magcargo|def|1
|move|p2a: Magcargo|Flamethrower|p1a: Scizor
|-supereffective|p1a: Scizor
|-damage|p1a: Scizor|0 fnt
|faint|p1a: Scizor
|
|upkeep
|
|t:|1741152372
|switch|p1a: Mimikyu|Mimikyu, M|100\/100
|turn|15
|
|t:|1741152377
|move|p1a: Mimikyu|Shadow Sneak|p2a: Magcargo
|-damage|p2a: Magcargo|0 fnt
|faint|p2a: Magcargo
|
|upkeep
|
|t:|1741152412
|switch|p2a: Iron Valiant|Iron Valiant|100\/100
|-enditem|p2a: Iron Valiant|Booster Energy
|-activate|p2a: Iron Valiant|ability: Quark Drive|[fromitem]
|-start|p2a: Iron Valiant|quarkdrivespe
|turn|16
|
|t:|1741152425
|move|p2a: Iron Valiant|Spirit Break|p1a: Mimikyu
|-activate|p1a: Mimikyu|ability: Disguise
|-damage|p1a: Mimikyu|100\/100
|-unboost|p1a: Mimikyu|spa|1
|detailschange|p1a: Mimikyu|Mimikyu-Busted, M
|-damage|p1a: Mimikyu|88\/100|[from] pokemon: Mimikyu-Busted
|move|p1a: Mimikyu|Swords Dance|p1a: Mimikyu
|-boost|p1a: Mimikyu|atk|2
|
|upkeep
|turn|17
|
|t:|1741152446
|move|p2a: Iron Valiant|Spirit Break|p1a: Mimikyu
|-damage|p1a: Mimikyu|32\/100
|-unboost|p1a: Mimikyu|spa|1
|move|p1a: Mimikyu|Swords Dance|p1a: Mimikyu
|-boost|p1a: Mimikyu|atk|2
|
|upkeep
|turn|18
|
|t:|1741152464
|move|p1a: Mimikyu|Shadow Sneak|p2a: Iron Valiant
|-damage|p2a: Iron Valiant|35\/100
|move|p2a: Iron Valiant|Spirit Break|p1a: Mimikyu
|-damage|p1a: Mimikyu|0 fnt
|faint|p1a: Mimikyu
|
|upkeep
|
|t:|1741152497
|switch|p1a: Iron Hands|Iron Hands|100\/100
|turn|19
|
|t:|1741152509
|move|p1a: Iron Hands|Fake Out|p2a: Iron Valiant
|-damage|p2a: Iron Valiant|18\/100
|cant|p2a: Iron Valiant|flinch
|
|upkeep
|turn|20
|
|t:|1741152518
|move|p2a: Iron Valiant|Spirit Break|p1a: Iron Hands
|-supereffective|p1a: Iron Hands
|-damage|p1a: Iron Hands|54\/100
|-unboost|p1a: Iron Hands|spa|1
|move|p1a: Iron Hands|Drain Punch|p2a: Iron Valiant
|-resisted|p2a: Iron Valiant
|-damage|p2a: Iron Valiant|0 fnt
|-heal|p1a: Iron Hands|59\/100|[from] drain|[of] p2a: Iron Valiant
|faint|p2a: Iron Valiant
|-end|p2a: Iron Valiant|Quark Drive|[silent]
|
|upkeep
|c|☆ReliantColey|!servertime
|c| ReliantColey|\/raw <div class="infobox">Server time: <b>3\/5\/2025, 5:30:08 AM<\/b><\/div>
|
|t:|1741152620
|switch|p2a: Swampert|Swampert, M|100\/100
|turn|21
|
|t:|1741152648
|-end|p1a: Iron Hands|Quark Drive|[silent]
|switch|p1a: Zarude|Zarude, tera:Fire|45\/100
|move|p2a: Swampert|Earth Power|p1a: Zarude
|-supereffective|p1a: Zarude
|-crit|p1a: Zarude
|-damage|p1a: Zarude|0 fnt
|faint|p1a: Zarude
|
|upkeep
|
|t:|1741152670
|switch|p1a: Iron Hands|Iron Hands|59\/100
|turn|22
|
|t:|1741152673
|move|p1a: Iron Hands|Fake Out|p2a: Swampert
|-damage|p2a: Swampert|92\/100
|cant|p2a: Swampert|flinch
|
|-heal|p2a: Swampert|98\/100|[from] item: Leftovers
|upkeep
|turn|23
|
|t:|1741152676
|move|p2a: Swampert|Earth Power|p1a: Iron Hands
|-supereffective|p1a: Iron Hands
|-damage|p1a: Iron Hands|33\/100
|move|p1a: Iron Hands|Drain Punch|p2a: Swampert
|-damage|p2a: Swampert|73\/100
|-heal|p1a: Iron Hands|43\/100|[from] drain|[of] p2a: Swampert
|
|-heal|p2a: Swampert|80\/100|[from] item: Leftovers
|upkeep
|turn|24
|
|t:|1741152679
|move|p2a: Swampert|Toxic|p1a: Iron Hands
|-status|p1a: Iron Hands|tox
|move|p1a: Iron Hands|Drain Punch|p2a: Swampert
|-damage|p2a: Swampert|54\/100
|-heal|p1a: Iron Hands|53\/100 tox|[from] drain|[of] p2a: Swampert
|
|-heal|p2a: Swampert|60\/100|[from] item: Leftovers
|-damage|p1a: Iron Hands|47\/100 tox|[from] psn
|upkeep
|turn|25
|
|t:|1741152681
|move|p2a: Swampert|Protect|p2a: Swampert
|-singleturn|p2a: Swampert|Protect
|move|p1a: Iron Hands|Drain Punch|p2a: Swampert
|-activate|p2a: Swampert|move: Protect
|
|-heal|p2a: Swampert|66\/100|[from] item: Leftovers
|-damage|p1a: Iron Hands|35\/100 tox|[from] psn
|upkeep
|turn|26
|
|t:|1741152683
|move|p2a: Swampert|Earth Power|p1a: Iron Hands
|-supereffective|p1a: Iron Hands
|-damage|p1a: Iron Hands|10\/100 tox
|move|p1a: Iron Hands|Drain Punch|p2a: Swampert
|-damage|p2a: Swampert|44\/100
|-heal|p1a: Iron Hands|19\/100 tox|[from] drain|[of] p2a: Swampert
|
|-heal|p2a: Swampert|50\/100|[from] item: Leftovers
|-damage|p1a: Iron Hands|1\/100 tox|[from] psn
|upkeep
|turn|27
|
|t:|1741152685
|move|p2a: Swampert|Protect|p2a: Swampert
|-singleturn|p2a: Swampert|Protect
|move|p1a: Iron Hands|Drain Punch|p2a: Swampert
|-activate|p2a: Swampert|move: Protect
|
|-heal|p2a: Swampert|56\/100|[from] item: Leftovers
|-damage|p1a: Iron Hands|0 fnt|[from] psn
|faint|p1a: Iron Hands
|-end|p1a: Iron Hands|Quark Drive|[silent]
|
|win|TheRealMuney
|c|☆TheRealMuney|gg
|c|☆ReliantColey|gg
|l|☆ReliantColey
|player|p1|
|l| conundromic
|j| daotxtoad
|l| Bunnnies
|l| ksch
|l|☆TheRealMuney
|player|p2|
|j|☆TheRealMuney
|player|p2|TheRealMuney|n|

</script>
</div>
<div class="battle-log battle-log-inline"><div class="inner"><div class="battle-options"></div><div class="inner message-log"><div class="chat"><small>☆ReliantColey and ☆TheRealMuney joined</small></div><div class=""><small>Format:</small> <br><strong>[Gen 9] NatDex Draft</strong></div><div class=""><small><em>Sleep Clause Mod:</em> Limit one foe put to sleep</small></div><div class=""><small><em>OHKO Clause:</em> OHKO moves are banned</small></div><div class=""><small><em>Evasion Clause:</em> Evasion abilities, items, and moves are banned</small></div><div class=""><small><em>Evasion Abilities Clause:</em> Evasion abilities are banned</small></div><div class=""><small><em>Evasion Items Clause:</em> Evasion items are banned</small></div><div class=""><small><em>Evasion Moves Clause:</em> Evasion moves are banned</small></div><div class=""><small><em>Endless Battle Clause:</em> Forcing endless battles is banned</small></div><div class=""><small><em>HP Percentage Mod:</em> HP is shown in percentages</small></div><div class="chat battle-history"><strong>ReliantColey's team:</strong> <em style="color:#445566;display:block;">Zarude / Scizor / Cinderace / Mimikyu / Iron Hands / Terapagos</em></div><div class="chat battle-history"><strong>TheRealMuney's team:</strong> <em style="color:#445566;display:block;">Swellow / Swampert / Weezing / Grimmsnarl / Iron Valiant / Magcargo</em></div><div class="chat"><small> DoctaShock and  ksch joined</small></div><div class="chat chatmessage-reliantcoley"><strong style="color:#9727e7"><small>☆</small><span class="username" data-name="ReliantColey">ReliantColey</span>:</strong> <em>gl hf</em></div><div class="chat chatmessage-therealmuney"><strong style="color:#ca1d79"><small>☆</small><span class="username" data-name="TheRealMuney">TheRealMuney</span>:</strong> <em>u2</em></div><div class="spacer battle-history"><br></div><div class="battle-history">Battle started between ReliantColey and TheRealMuney!<br></div><div class="spacer battle-history"><br></div><div class="battle-history">Go! <strong>Scizor</strong>!<br></div><div class="spacer battle-history"><br></div><div class="battle-history">TheRealMuney sent out <strong>Weezing</strong>!<br></div><div class="spacer battle-history"><br></div><h2 class="battle-history">Turn 1</h2><div class="spacer battle-history"><br></div><div class="battle-history">Scizor used <strong>U-turn</strong>!<br></div><div class="battle-history"><small>It's not very effective...</small><br></div><div class="battle-history"><small>(The opposing Weezing lost 15% of its health!)</small><br></div><div class="chat"><small> mukmuk1 joined;  mukmuk1 left</small></div><div class="spacer battle-history"><br></div><div class="battle-history">Scizor went back to ReliantColey!<br></div><div class="battle-history">Go! <strong>Terapagos</strong>!<br></div><div class="battle-history">[Terapagos's Tera Shift]<br></div><div class="battle-history">Terapagos transformed!<br></div><div class="spacer battle-history"><br></div><div class="battle-history">The opposing Weezing used <strong>Flamethrower</strong>!<br></div><div class="battle-history">[Terapagos's Tera Shell]<br><small>Terapagos made its shell gleam! It's distorting type matchups!</small><br></div><div class="battle-history"><small>It's not very effective...</small><br></div><div class="battle-history"><small>(Terapagos lost 7% of its health!)</small><br></div><div class="spacer battle-history"><br></div><div class="battle-history"><small>The opposing Weezing restored a little HP using its Leftovers!</small><br></div><div class="spacer battle-history"><br></div><h2 class="battle-history">Turn 2</h2><div class="spacer battle-history"><br></div><div class="battle-history">Terapagos used <strong>Rapid Spin</strong>!<br></div><div class="battle-history"><small>(The opposing Weezing lost 12% of its health!)</small><br></div><div class="battle-history"><small>Terapagos's Speed rose!</small><br></div><div class="spacer battle-history"><br></div><div class="battle-history">The opposing Weezing used <strong>Infestation</strong>!<br></div><div class="battle-history"><small>(Terapagos lost 3% of its health!)</small><br></div><div class="battle-history"><small>Terapagos has been afflicted with an infestation by the opposing Weezing!</small><br></div><div class="spacer battle-history"><br></div><div class="battle-history"><small>The opposing Weezing restored a little HP using its Leftovers!</small><br></div><div class="battle-history"><small>Terapagos is hurt by Infestation!</small><br></div><div class="spacer battle-history"><br></div><h2 class="battle-history">Turn 3</h2><div class="chat"><small> Crown oji joined</small></div><div class="spacer battle-history"><br></div><div class="battle-history">Terapagos used <strong>Tera Starstorm</strong>!<br></div><div class="battle-history"><small>(The opposing Weezing lost 38% of its health!)</small><br></div><div class="spacer battle-history"><br></div><div class="battle-history">The opposing Weezing used <strong>Will-O-Wisp</strong>!<br></div><div class="battle-history"><small>Terapagos was burned!</small><br></div><div class="spacer battle-history"><br></div><div class="battle-history"><small>The opposing Weezing restored a little HP using its Leftovers!</small><br></div><div class="battle-history"><small>Terapagos was hurt by its burn!</small><br></div><div class="battle-history"><small>Terapagos is hurt by Infestation!</small><br></div><div class="spacer battle-history"><br></div><h2 class="battle-history">Turn 4</h2><div class="spacer battle-history"><br></div><div class="battle-history">Terapagos used <strong>Calm Mind</strong>!<br></div><div class="battle-history"><small>Terapagos's Sp. Atk rose!</small><br></div><div class="battle-history"><small>Terapagos's Sp. Def rose!</small><br></div><div class="spacer battle-history"><br></div><div class="battle-history">The opposing Weezing used <strong>Sludge Wave</strong>!<br></div><div class="battle-history"><small>(Terapagos lost 15% of its health!)</small><br></div><div class="spacer battle-history"><br></div><div class="battle-history"><small>The opposing Weezing restored a little HP using its Leftovers!</small><br></div><div class="battle-history"><small>Terapagos was hurt by its burn!</small><br></div><div class="battle-history"><small>Terapagos is hurt by Infestation!</small><br></div><div class="spacer battle-history"><br></div><h2 class="battle-history">Turn 5</h2><div class="spacer battle-history"><br></div><div class="battle-history">Terapagos used <strong>Tera Starstorm</strong>!<br></div><div class="battle-history"><small>(The opposing Weezing lost 56% of its health!)</small><br></div><div class="spacer battle-history"><br></div><div class="battle-history">The opposing Weezing used <strong>Sludge Wave</strong>!<br></div><div class="battle-history"><small>(Terapagos lost 16% of its health!)</small><br></div><div class="spacer battle-history"><br></div><div class="battle-history"><small>The opposing Weezing restored a little HP using its Leftovers!</small><br></div><div class="battle-history"><small>Terapagos was hurt by its burn!</small><br></div><div class="battle-history"><small>Terapagos is hurt by Infestation!</small><br></div><div class="spacer battle-history"><br></div><div class="battle-history">Terapagos fainted!<br></div><div class="chat"><small> ChillerFrost joined</small></div><div class="spacer battle-history"><br></div><div class="battle-history">Go! <strong>Cinderace</strong>!<br></div><div class="spacer battle-history"><br></div><h2 class="battle-history">Turn 6</h2><div class="spacer battle-history"><br></div><div class="battle-history">Cinderace used <strong>U-turn</strong>!<br></div><div class="battle-history">[Cinderace's Libero]<br><small>Cinderace's type changed to Bug!</small><br></div><div class="battle-history"><small>It's not very effective...</small><br></div><div class="battle-history"><small>(The opposing Weezing lost 9% of its health!)</small><br></div><div class="spacer battle-history"><br></div><div class="battle-history">The opposing Weezing fainted!<br></div><div class="spacer battle-history"><br></div><div class="battle-history">Cinderace went back to ReliantColey!<br></div><div class="battle-history">Go! <strong>Scizor</strong>!<br></div><div class="chat chatmessage-reliantcoley"><strong style="color:#9727e7"><small>☆</small><span class="username" data-name="ReliantColey">ReliantColey</span>:</strong> <em>!servertime</em></div><div class="chat"><div class="infobox">Server time: <b>3/5/2025, 5:20:22 AM</b></div></div><div class="chat"><small> serendipidu and  conundromic joined;  serendipidu left</small></div><div class="spacer battle-history"><br></div><div class="battle-history">TheRealMuney sent out <strong>Swellow</strong>!<br></div><div class="spacer battle-history"><br></div><h2 class="battle-history">Turn 7</h2><div class="chat"><small> Bunnnies joined</small></div><div class="spacer battle-history"><br></div><div class="battle-history">Scizor, come back!<br></div><div class="battle-history">Go! <strong>Cinderace</strong>!<br></div><div class="spacer battle-history"><br></div><div class="battle-history"><small>The opposing Swellow has Terastallized into the Normal-type!</small><br></div><div class="spacer battle-history"><br></div><div class="battle-history">The opposing Swellow used <strong>Boomburst</strong>!<br></div><div class="battle-history"><small>(Cinderace lost 100% of its health!)</small><br></div><div class="spacer battle-history"><br></div><div class="battle-history">Cinderace fainted!<br></div><div class="spacer battle-history"><br></div><div class="battle-history">Go! <strong>Iron Hands</strong>!<br></div><div class="spacer battle-history"><br></div><h2 class="battle-history">Turn 8</h2><div class="spacer battle-history"><br></div><div class="battle-history">TheRealMuney withdrew Swellow!<br></div><div class="battle-history">TheRealMuney sent out <strong>Swampert</strong>!<br></div><div class="spacer battle-history"><br></div><div class="battle-history">Iron Hands used <strong>Volt Switch</strong>!<br></div><div class="battle-history"><small>It doesn't affect the opposing Swampert...</small><br></div><div class="spacer battle-history"><br></div><h2 class="battle-history">Turn 9</h2><div class="spacer battle-history"><br></div><div class="battle-history">Iron Hands, come back!<br></div><div class="battle-history">Go! <strong>Zarude</strong>!<br></div><div class="spacer battle-history"><br></div><div class="battle-history">The opposing Swampert used <strong>Ice Beam</strong>!<br></div><div class="battle-history"><small>It's super effective!</small><br></div><div class="battle-history"><small>A critical hit!</small><br></div><div class="battle-history"><small>(Zarude lost 40% of its health!)</small><br></div><div class="spacer battle-history"><br></div><div class="battle-history"><small>Zarude restored a little HP using its Leftovers!</small><br></div><div class="spacer battle-history"><br></div><h2 class="battle-history">Turn 10</h2><div class="spacer battle-history"><br></div><div class="battle-history">TheRealMuney withdrew Swampert!<br></div><div class="battle-history">TheRealMuney sent out <strong>Magcargo</strong>!<br></div><div class="spacer battle-history"><br></div><div class="battle-history"><small>Zarude has Terastallized into the Fire-type!</small><br></div><div class="spacer battle-history"><br></div><div class="battle-history">Zarude used <strong>Jungle Healing</strong>!<br></div><div class="battle-history"><small>Zarude had its HP restored.</small><br></div><div class="spacer battle-history"><br></div><div class="battle-history"><small>Zarude restored a little HP using its Leftovers!</small><br></div><div class="spacer battle-history"><br></div><h2 class="battle-history">Turn 11</h2><div class="spacer battle-history"><br></div><div class="battle-history">Zarude used <strong>Bulk Up</strong>!<br></div><div class="battle-history"><small>Zarude's Attack rose!</small><br></div><div class="battle-history"><small>Zarude's Defense rose!</small><br></div><div class="spacer battle-history"><br></div><div class="battle-history">The opposing Magcargo used <strong>Shell Smash</strong>!<br></div><div class="battle-history"><small>The opposing Magcargo's Defense fell!</small><br></div><div class="battle-history"><small>The opposing Magcargo's Sp. Def fell!</small><br></div><div class="battle-history"><small>The opposing Magcargo's Attack rose sharply!</small><br></div><div class="battle-history"><small>The opposing Magcargo's Sp. Atk rose sharply!</small><br></div><div class="battle-history"><small>The opposing Magcargo's Speed rose sharply!</small><br></div><div class="battle-history"><small>The opposing Magcargo returned its stats to normal using its White Herb!</small><br></div><div class="spacer battle-history"><br></div><div class="battle-history"><small>Zarude restored a little HP using its Leftovers!</small><br></div><div class="spacer battle-history"><br></div><h2 class="battle-history">Turn 12</h2><div class="spacer battle-history"><br></div><div class="battle-history">Zarude used <strong>Knock Off</strong>!<br></div><div class="battle-history"><small>(The opposing Magcargo lost 35% of its health!)</small><br></div><div class="battle-history">[The opposing Magcargo's Weak Armor]<br></div><div class="battle-history"><small>The opposing Magcargo's Defense fell!</small><br></div><div class="battle-history"><small>The opposing Magcargo's Speed rose sharply!</small><br></div><div class="spacer battle-history"><br></div><div class="battle-history">The opposing Magcargo used <strong>Earth Power</strong>!<br></div><div class="battle-history"><small>It's super effective!</small><br></div><div class="battle-history"><small>(Zarude lost 61% of its health!)</small><br></div><div class="spacer battle-history"><br></div><div class="battle-history"><small>Zarude restored a little HP using its Leftovers!</small><br></div><div class="spacer battle-history"><br></div><h2 class="battle-history">Turn 13</h2><div class="spacer battle-history"><br></div><div class="battle-history">Zarude, come back!<br></div><div class="battle-history">Go! <strong>Scizor</strong>!<br></div><div class="spacer battle-history"><br></div><div class="battle-history">The opposing Magcargo used <strong>Shell Smash</strong>!<br></div><div class="battle-history"><small>The opposing Magcargo's Defense fell!</small><br></div><div class="battle-history"><small>The opposing Magcargo's Sp. Def fell!</small><br></div><div class="battle-history"><small>The opposing Magcargo's Attack rose sharply!</small><br></div><div class="battle-history"><small>The opposing Magcargo's Sp. Atk rose sharply!</small><br></div><div class="battle-history"><small>The opposing Magcargo's Speed rose sharply!</small><br></div><div class="spacer battle-history"><br></div><h2 class="battle-history">Turn 14</h2><div class="spacer battle-history"><br></div><div class="battle-history">Scizor used <strong>Bullet Punch</strong>!<br></div><div class="battle-history"><small>(The opposing Magcargo lost 53% of its health!)</small><br></div><div class="battle-history">[The opposing Magcargo's Weak Armor]<br></div><div class="battle-history"><small>The opposing Magcargo's Defense fell!</small><br></div><div class="spacer battle-history"><br></div><div class="battle-history">The opposing Magcargo used <strong>Flamethrower</strong>!<br></div><div class="battle-history"><small>It's super effective!</small><br></div><div class="battle-history"><small>(Scizor lost 100% of its health!)</small><br></div><div class="spacer battle-history"><br></div><div class="battle-history">Scizor fainted!<br></div><div class="spacer battle-history"><br></div><div class="battle-history">Go! <strong>Mimikyu</strong>!<br></div><div class="spacer battle-history"><br></div><h2 class="battle-history">Turn 15</h2><div class="spacer battle-history"><br></div><div class="battle-history">Mimikyu used <strong>Shadow Sneak</strong>!<br></div><div class="battle-history"><small>(The opposing Magcargo lost 12% of its health!)</small><br></div><div class="spacer battle-history"><br></div><div class="battle-history">The opposing Magcargo fainted!<br></div><div class="spacer battle-history"><br></div><div class="battle-history">TheRealMuney sent out <strong>Iron Valiant</strong>!<br></div><div class="battle-history"><small>(The opposing Iron Valiant used its Booster Energy!)</small><br></div><div class="battle-history">[The opposing Iron Valiant's Quark Drive]<br><small>The opposing Iron Valiant used its Booster Energy to activate its Quark Drive!</small><br></div><div class="battle-history"><small>The opposing Iron Valiant's Speed was heightened!</small><br></div><div class="spacer battle-history"><br></div><h2 class="battle-history">Turn 16</h2><div class="spacer battle-history"><br></div><div class="battle-history">The opposing Iron Valiant used <strong>Spirit Break</strong>!<br></div><div class="battle-history">[Mimikyu's Disguise]<br><small>Its disguise served it as a decoy!</small><br></div><div class="battle-history"><small>(Mimikyu lost 0% of its health!)</small><br></div><div class="battle-history"><small>Mimikyu's Sp. Atk fell!</small><br></div><div class="battle-history">Mimikyu's disguise was busted!<br></div><div class="battle-history"><small>(Mimikyu was hurt!)</small><br></div><div class="spacer battle-history"><br></div><div class="battle-history">Mimikyu used <strong>Swords Dance</strong>!<br></div><div class="battle-history"><small>Mimikyu's Attack rose sharply!</small><br></div><div class="spacer battle-history"><br></div><h2 class="battle-history">Turn 17</h2><div class="spacer battle-history"><br></div><div class="battle-history">The opposing Iron Valiant used <strong>Spirit Break</strong>!<br></div><div class="battle-history"><small>(Mimikyu lost 56% of its health!)</small><br></div><div class="battle-history"><small>Mimikyu's Sp. Atk fell!</small><br></div><div class="spacer battle-history"><br></div><div class="battle-history">Mimikyu used <strong>Swords Dance</strong>!<br></div><div class="battle-history"><small>Mimikyu's Attack rose sharply!</small><br></div><div class="spacer battle-history"><br></div><h2 class="battle-history">Turn 18</h2><div class="spacer battle-history"><br></div><div class="battle-history">Mimikyu used <strong>Shadow Sneak</strong>!<br></div><div class="battle-history"><small>(The opposing Iron Valiant lost 65% of its health!)</small><br></div><div class="spacer battle-history"><br></div><div class="battle-history">The opposing Iron Valiant used <strong>Spirit Break</strong>!<br></div><div class="battle-history"><small>(Mimikyu lost 32% of its health!)</small><br></div><div class="spacer battle-history"><br></div><div class="battle-history">Mimikyu fainted!<br></div><div class="spacer battle-history"><br></div><div class="battle-history">Go! <strong>Iron Hands</strong>!<br></div><div class="spacer battle-history"><br></div><h2 class="battle-history">Turn 19</h2><div class="spacer battle-history"><br></div><div class="battle-history">Iron Hands used <strong>Fake Out</strong>!<br></div><div class="battle-history"><small>(The opposing Iron Valiant lost 17% of its health!)</small><br></div><div class="spacer battle-history"><br></div><div class="battle-history">The opposing Iron Valiant flinched and couldn't move!<br></div><div class="spacer battle-history"><br></div><h2 class="battle-history">Turn 20</h2><div class="spacer battle-history"><br></div><div class="battle-history">The opposing Iron Valiant used <strong>Spirit Break</strong>!<br></div><div class="battle-history"><small>It's super effective!</small><br></div><div class="battle-history"><small>(Iron Hands lost 46% of its health!)</small><br></div><div class="battle-history"><small>Iron Hands's Sp. Atk fell!</small><br></div><div class="spacer battle-history"><br></div><div class="battle-history">Iron Hands used <strong>Drain Punch</strong>!<br></div><div class="battle-history"><small>It's not very effective...</small><br></div><div class="battle-history"><small>(The opposing Iron Valiant lost 18% of its health!)</small><br></div><div class="battle-history"><small>The opposing Iron Valiant had its energy drained!</small><br></div><div class="spacer battle-history"><br></div><div class="battle-history">The opposing Iron Valiant fainted!<br></div><div class="chat chatmessage-reliantcoley"><strong style="color:#9727e7"><small>☆</small><span class="username" data-name="ReliantColey">ReliantColey</span>:</strong> <em>!servertime</em></div><div class="chat"><div class="infobox">Server time: <b>3/5/2025, 5:30:08 AM</b></div></div><div class="spacer battle-history"><br></div><div class="battle-history">TheRealMuney sent out <strong>Swampert</strong>!<br></div><div class="spacer battle-history"><br></div><h2 class="battle-history">Turn 21</h2><div class="spacer battle-history"><br></div><div class="battle-history">Iron Hands, come back!<br></div><div class="battle-history">Go! <strong>Zarude</strong>!<br></div><div class="spacer battle-history"><br></div><div class="battle-history">The opposing Swampert used <strong>Earth Power</strong>!<br></div><div class="battle-history"><small>It's super effective!</small><br></div><div class="battle-history"><small>A critical hit!</small><br></div><div class="battle-history"><small>(Zarude lost 45% of its health!)</small><br></div><div class="spacer battle-history"><br></div><div class="battle-history">Zarude fainted!<br></div><div class="spacer battle-history"><br></div><div class="battle-history">Go! <strong>Iron Hands</strong>!<br></div><div class="spacer battle-history"><br></div><h2 class="battle-history">Turn 22</h2><div class="spacer battle-history"><br></div><div class="battle-history">Iron Hands used <strong>Fake Out</strong>!<br></div><div class="battle-history"><small>(The opposing Swampert lost 8% of its health!)</small><br></div><div class="spacer battle-history"><br></div><div class="battle-history">The opposing Swampert flinched and couldn't move!<br></div><div class="spacer battle-history"><br></div><div class="battle-history"><small>The opposing Swampert restored a little HP using its Leftovers!</small><br></div><div class="spacer battle-history"><br></div><h2 class="battle-history">Turn 23</h2><div class="spacer battle-history"><br></div><div class="battle-history">The opposing Swampert used <strong>Earth Power</strong>!<br></div><div class="battle-history"><small>It's super effective!</small><br></div><div class="battle-history"><small>(Iron Hands lost 26% of its health!)</small><br></div><div class="spacer battle-history"><br></div><div class="battle-history">Iron Hands used <strong>Drain Punch</strong>!<br></div><div class="battle-history"><small>(The opposing Swampert lost 25% of its health!)</small><br></div><div class="battle-history"><small>The opposing Swampert had its energy drained!</small><br></div><div class="spacer battle-history"><br></div><div class="battle-history"><small>The opposing Swampert restored a little HP using its Leftovers!</small><br></div><div class="spacer battle-history"><br></div><h2 class="battle-history">Turn 24</h2><div class="spacer battle-history"><br></div><div class="battle-history">The opposing Swampert used <strong>Toxic</strong>!<br></div><div class="battle-history"><small>Iron Hands was badly poisoned!</small><br></div><div class="spacer battle-history"><br></div><div class="battle-history">Iron Hands used <strong>Drain Punch</strong>!<br></div><div class="battle-history"><small>(The opposing Swampert lost 26% of its health!)</small><br></div><div class="battle-history"><small>The opposing Swampert had its energy drained!</small><br></div><div class="spacer battle-history"><br></div><div class="battle-history"><small>The opposing Swampert restored a little HP using its Leftovers!</small><br></div><div class="battle-history"><small>Iron Hands was hurt by poison!</small><br></div><div class="spacer battle-history"><br></div><h2 class="battle-history">Turn 25</h2><div class="spacer battle-history"><br></div><div class="battle-history">The opposing Swampert used <strong>Protect</strong>!<br></div><div class="battle-history"><small>The opposing Swampert protected itself!</small><br></div><div class="spacer battle-history"><br></div><div class="battle-history">Iron Hands used <strong>Drain Punch</strong>!<br></div><div class="battle-history"><small>The opposing Swampert protected itself!</small><br></div><div class="spacer battle-history"><br></div><div class="battle-history"><small>The opposing Swampert restored a little HP using its Leftovers!</small><br></div><div class="battle-history"><small>Iron Hands was hurt by poison!</small><br></div><div class="spacer battle-history"><br></div><h2 class="battle-history">Turn 26</h2><div class="spacer battle-history"><br></div><div class="battle-history">The opposing Swampert used <strong>Earth Power</strong>!<br></div><div class="battle-history"><small>It's super effective!</small><br></div><div class="battle-history"><small>(Iron Hands lost 25% of its health!)</small><br></div><div class="spacer battle-history"><br></div><div class="battle-history">Iron Hands used <strong>Drain Punch</strong>!<br></div><div class="battle-history"><small>(The opposing Swampert lost 22% of its health!)</small><br></div><div class="battle-history"><small>The opposing Swampert had its energy drained!</small><br></div><div class="spacer battle-history"><br></div><div class="battle-history"><small>The opposing Swampert restored a little HP using its Leftovers!</small><br></div><div class="battle-history"><small>Iron Hands was hurt by poison!</small><br></div><div class="spacer battle-history"><br></div><h2 class="battle-history">Turn 27</h2><div class="spacer battle-history"><br></div><div class="battle-history">The opposing Swampert used <strong>Protect</strong>!<br></div><div class="battle-history"><small>The opposing Swampert protected itself!</small><br></div><div class="spacer battle-history"><br></div><div class="battle-history">Iron Hands used <strong>Drain Punch</strong>!<br></div><div class="battle-history"><small>The opposing Swampert protected itself!</small><br></div><div class="spacer battle-history"><br></div><div class="battle-history"><small>The opposing Swampert restored a little HP using its Leftovers!</small><br></div><div class="battle-history"><small>Iron Hands was hurt by poison!</small><br></div><div class="spacer battle-history"><br></div><div class="battle-history">Iron Hands fainted!<br></div><div class="spacer battle-history"><br></div><div class="battle-history"><strong>TheRealMuney</strong> won the battle!<br></div><div class="chat chatmessage-therealmuney"><strong style="color:#ca1d79"><small>☆</small><span class="username" data-name="TheRealMuney">TheRealMuney</span>:</strong> <em>gg</em></div><div class="chat chatmessage-reliantcoley"><strong style="color:#9727e7"><small>☆</small><span class="username" data-name="ReliantColey">ReliantColey</span>:</strong> <em>gg</em></div><div class="chat"><small>☆ReliantColey left</small></div><div class="chat"><small> daotxtoad joined;  conundromic,  Bunnnies,  ksch, and ☆TheRealMuney left</small></div><div class="chat"><small>☆TheRealMuney joined</small></div></div><div class="inner-preempt message-log"></div></div></div>
</div>
<script>
let daily = Math.floor(Date.now()/1000/60/60/24);document.write('<script src="https://play.pokemonshowdown.com/js/replay-embed.js?version'+daily+'"></'+'script>');
</script>
