<!DOCTYPE html>
<meta charset="utf-8" />
<!-- version 1 -->
<title>[Gen 9] NatDex Draft replay: conundromic vs. CDR Cucumber</title>
<style>
html,body {font-family:Verdana, sans-serif;font-size:10pt;margin:0;padding:0;}body{padding:12px 0;} .battle-log {font-family:Verdana, sans-serif;font-size:10pt;} .battle-log-inline {border:1px solid #AAAAAA;background:#EEF2F5;color:black;max-width:640px;margin:0 auto 80px;padding-bottom:5px;} .battle-log .inner {padding:4px 8px 0px 8px;} .battle-log .inner-preempt {padding:0 8px 4px 8px;} .battle-log .inner-after {margin-top:0.5em;} .battle-log h2 {margin:0.5em -8px;padding:4px 8px;border:1px solid #AAAAAA;background:#E0E7EA;border-left:0;border-right:0;font-family:Verdana, sans-serif;font-size:13pt;} .battle-log .chat {vertical-align:middle;padding:3px 0 3px 0;font-size:8pt;} .battle-log .chat strong {color:#40576A;} .battle-log .chat em {padding:1px 4px 1px 3px;color:#000000;font-style:normal;} .chat.mine {background:rgba(0,0,0,0.05);margin-left:-8px;margin-right:-8px;padding-left:8px;padding-right:8px;} .spoiler {color:#BBBBBB;background:#BBBBBB;padding:0px 3px;} .spoiler:hover, .spoiler:active, .spoiler-shown {color:#000000;background:#E2E2E2;padding:0px 3px;} .spoiler a {color:#BBBBBB;} .spoiler:hover a, .spoiler:active a, .spoiler-shown a {color:#2288CC;} .chat code, .chat .spoiler:hover code, .chat .spoiler:active code, .chat .spoiler-shown code {border:1px solid #C0C0C0;background:#EEEEEE;color:black;padding:0 2px;} .chat .spoiler code {border:1px solid #CCCCCC;background:#CCCCCC;color:#CCCCCC;} .battle-log .rated {padding:3px 4px;} .battle-log .rated strong {color:white;background:#89A;padding:1px 4px;border-radius:4px;} .spacer {margin-top:0.5em;} .message-announce {background:#6688AA;color:white;padding:1px 4px 2px;} .message-announce a, .broadcast-green a, .broadcast-blue a, .broadcast-red a {color:#DDEEFF;} .broadcast-green {background-color:#559955;color:white;padding:2px 4px;} .broadcast-blue {background-color:#6688AA;color:white;padding:2px 4px;} .infobox {border:1px solid #6688AA;padding:2px 4px;} .infobox-limited {max-height:200px;overflow:auto;overflow-x:hidden;} .broadcast-red {background-color:#AA5544;color:white;padding:2px 4px;} .message-learn-canlearn {font-weight:bold;color:#228822;text-decoration:underline;} .message-learn-cannotlearn {font-weight:bold;color:#CC2222;text-decoration:underline;} .message-effect-weak {font-weight:bold;color:#CC2222;} .message-effect-resist {font-weight:bold;color:#6688AA;} .message-effect-immune {font-weight:bold;color:#666666;} .message-learn-list {margin-top:0;margin-bottom:0;} .message-throttle-notice, .message-error {color:#992222;} .message-overflow, .chat small.message-overflow {font-size:0pt;} .message-overflow::before {font-size:9pt;content:'...';} .subtle {color:#3A4A66;}
</style>
<div class="wrapper replay-wrapper" style="max-width:1180px;margin:0 auto">
<input type="hidden" name="replayid" value="gen9natdexdraft-2312006531" />
<div class="battle"></div><div class="battle-log"></div><div class="replay-controls"></div><div class="replay-controls-2"></div>
<h1 style="font-weight:normal;text-align:center"><strong>[Gen 9] NatDex Draft</strong><br /><a href="http://pokemonshowdown.com/users/conundromic" class="subtle" target="_blank">conundromic</a> vs. <a href="http://pokemonshowdown.com/users/cdrcucumber" class="subtle" target="_blank">CDR Cucumber</a></h1>
<script type="text/plain" class="battle-log-data">
|j|☆conundromic
|j|☆CDR Cucumber
|t:|1741056582
|gametype|singles
|player|p1|conundromic|1|
|player|p2|CDR Cucumber|iris-gen5bw2|
|teamsize|p1|6
|teamsize|p2|6
|gen|9
|tier|[Gen 9] NatDex Draft
|rule|Sleep Clause Mod: Limit one foe put to sleep
|rule|OHKO Clause: OHKO moves are banned
|rule|Evasion Clause: Evasion abilities, items, and moves are banned
|rule|Evasion Abilities Clause: Evasion abilities are banned
|rule|Evasion Items Clause: Evasion items are banned
|rule|Evasion Moves Clause: Evasion moves are banned
|rule|Endless Battle Clause: Forcing endless battles is banned
|rule|HP Percentage Mod: HP is shown in percentages
|clearpoke
|poke|p1|Weavile, F|
|poke|p1|Toxapex, M|
|poke|p1|Annihilape, M|
|poke|p1|Goodra-Hisui, F|
|poke|p1|Rotom-Mow|
|poke|p1|Dudunsparce-*, F|
|poke|p2|Kilowattrel, M|
|poke|p2|Mienshao, M|
|poke|p2|Celesteela|
|poke|p2|Ursaluna, F|
|poke|p2|Tyranitar, M|
|poke|p2|Hatterene, F|
|teampreview
|j| doctashockfan
|j| ChillerFrost
|j| Crown oji
|j| Ausxh
|j| serendipidu
|j| DoctaShock
|
|t:|1741056725
|start
|switch|p1a: Goodra|Goodra-Hisui, F|100\/100
|switch|p2a: goodra-hisui|Celesteela|100\/100
|turn|1
|c|☆conundromic|hold on
|c|☆conundromic|spiderman meme
|c|☆CDR Cucumber|lol
|c|☆CDR Cucumber|my tyranitar nickname didn't go through
|
|t:|1741056793
|move|p2a: goodra-hisui|Heavy Slam|p1a: Goodra
|-resisted|p1a: Goodra
|-damage|p1a: Goodra|91\/100
|move|p1a: Goodra|Knock Off|p2a: goodra-hisui
|-damage|p2a: goodra-hisui|87\/100
|-damage|p1a: Goodra|75\/100|[from] item: Rocky Helmet|[of] p2a: goodra-hisui
|-enditem|p2a: goodra-hisui|Rocky Helmet|[from] move: Knock Off|[of] p1a: Goodra
|
|-heal|p1a: Goodra|81\/100|[from] item: Leftovers
|upkeep
|turn|2
|
|t:|1741056809
|move|p2a: goodra-hisui|Heavy Slam|p1a: Goodra
|-resisted|p1a: Goodra
|-damage|p1a: Goodra|73\/100
|move|p1a: Goodra|Flamethrower|p2a: goodra-hisui
|-supereffective|p2a: goodra-hisui
|-damage|p2a: goodra-hisui|47\/100
|
|-heal|p1a: Goodra|79\/100|[from] item: Leftovers
|upkeep
|turn|3
|j| Ocarina919
|
|t:|1741056847
|switch|p2a: zapdos|Kilowattrel, M|100\/100
|move|p1a: Goodra|Knock Off|p2a: zapdos
|-damage|p2a: zapdos|65\/100
|-enditem|p2a: zapdos|Heavy-Duty Boots|[from] move: Knock Off|[of] p1a: Goodra
|
|-heal|p1a: Goodra|85\/100|[from] item: Leftovers
|upkeep
|turn|4
|
|t:|1741056868
|move|p1a: Goodra|Protect|p1a: Goodra
|-singleturn|p1a: Goodra|Protect
|move|p2a: zapdos|Roost|p2a: zapdos
|-heal|p2a: zapdos|100\/100
|-singleturn|p2a: zapdos|move: Roost
|
|-heal|p1a: Goodra|91\/100|[from] item: Leftovers
|upkeep
|turn|5
|
|t:|1741056895
|move|p2a: zapdos|Volt Switch|p1a: Goodra
|-resisted|p1a: Goodra
|-damage|p1a: Goodra|80\/100
|
|t:|1741056906
|switch|p2a: goodra-hisui|Celesteela|47\/100|[from] Volt Switch
|move|p1a: Goodra|Flamethrower|p2a: goodra-hisui
|-supereffective|p2a: goodra-hisui
|-damage|p2a: goodra-hisui|2\/100
|
|-heal|p1a: Goodra|86\/100|[from] item: Leftovers
|upkeep
|turn|6
|
|t:|1741056916
|move|p2a: goodra-hisui|Leech Seed|p1a: Goodra
|-ability|p1a: Goodra|Sap Sipper|boost
|-boost|p1a: Goodra|atk|1
|move|p1a: Goodra|Knock Off|p2a: goodra-hisui
|-damage|p2a: goodra-hisui|0 fnt
|faint|p2a: goodra-hisui
|
|-heal|p1a: Goodra|92\/100|[from] item: Leftovers
|upkeep
|c|☆CDR Cucumber|oh
|c|☆CDR Cucumber|that fucked me up
|
|t:|1741056931
|switch|p2a: meowscarada|Mienshao, M|100\/100
|turn|7
|c| Ausxh|we have zapdos at home...
|c| Ausxh|sap sipper on leech seed is so nuts though huh
|
|t:|1741056969
|switch|p1a: Toxapex|Toxapex, M|100\/100
|move|p2a: meowscarada|Knock Off|p1a: Toxapex
|-damage|p1a: Toxapex|75\/100
|-enditem|p1a: Toxapex|Black Sludge|[from] move: Knock Off|[of] p2a: meowscarada
|-damage|p2a: meowscarada|91\/100|[from] item: Life Orb
|
|upkeep
|turn|8
|
|t:|1741056981
|move|p2a: meowscarada|U-turn|p1a: Toxapex
|-resisted|p1a: Toxapex
|-damage|p1a: Toxapex|65\/100
|-damage|p2a: meowscarada|81\/100|[from] item: Life Orb
|
|t:|1741056998
|switch|p2a: zapdos|Kilowattrel, M|100\/100|[from] U-turn
|move|p1a: Toxapex|Scald|p2a: zapdos
|-damage|p2a: zapdos|71\/100
|
|upkeep
|turn|9
|
|t:|1741057013
|switch|p1a: Goodra|Goodra-Hisui, F|92\/100
|move|p2a: zapdos|Volt Switch|p1a: Goodra
|-resisted|p1a: Goodra
|-damage|p1a: Goodra|82\/100
|
|t:|1741057026
|switch|p2a: meowscarada|Mienshao, M|100\/100|[from] Volt Switch
|
|-heal|p1a: Goodra|88\/100|[from] item: Leftovers
|upkeep
|turn|10
|
|t:|1741057034
|switch|p1a: Toxapex|Toxapex, M|98\/100
|move|p2a: meowscarada|Close Combat|p1a: Toxapex
|-resisted|p1a: Toxapex
|-damage|p1a: Toxapex|73\/100
|-unboost|p2a: meowscarada|def|1
|-unboost|p2a: meowscarada|spd|1
|-damage|p2a: meowscarada|91\/100|[from] item: Life Orb
|
|upkeep
|turn|11
|
|t:|1741057053
|move|p2a: meowscarada|U-turn|p1a: Toxapex
|-resisted|p1a: Toxapex
|-damage|p1a: Toxapex|63\/100
|-damage|p2a: meowscarada|81\/100|[from] item: Life Orb
|
|t:|1741057063
|switch|p2a: gardevoir|Hatterene, F|100\/100|[from] U-turn
|move|p1a: Toxapex|Scald|p2a: gardevoir
|-damage|p2a: gardevoir|83\/100
|
|-heal|p2a: gardevoir|89\/100|[from] item: Leftovers
|upkeep
|turn|12
|
|t:|1741057082
|switch|p1a: Goodra|Goodra-Hisui, F|88\/100
|move|p2a: gardevoir|Trick Room|p2a: gardevoir
|-fieldstart|move: Trick Room|[of] p2a: gardevoir
|
|-heal|p2a: gardevoir|95\/100|[from] item: Leftovers
|-heal|p1a: Goodra|94\/100|[from] item: Leftovers
|upkeep
|turn|13
|
|t:|1741057120
|switch|p2a: zapdos|Kilowattrel, M|71\/100
|move|p1a: Goodra|Knock Off|p2a: zapdos
|-damage|p2a: zapdos|44\/100
|
|-heal|p1a: Goodra|99\/100|[from] item: Leftovers
|upkeep
|turn|14
|
|t:|1741057137
|move|p1a: Goodra|Protect|p1a: Goodra
|-singleturn|p1a: Goodra|Protect
|move|p2a: zapdos|Roost|p2a: zapdos
|-heal|p2a: zapdos|94\/100
|-singleturn|p2a: zapdos|move: Roost
|
|-heal|p1a: Goodra|100\/100|[from] item: Leftovers
|upkeep
|turn|15
|
|t:|1741057148
|move|p1a: Goodra|Flamethrower|p2a: zapdos
|-damage|p2a: zapdos|40\/100
|move|p2a: zapdos|Volt Switch|p1a: Goodra
|-resisted|p1a: Goodra
|-damage|p1a: Goodra|91\/100
|
|t:|1741057155
|switch|p2a: great tusk|Ursaluna, F|100\/100|[from] Volt Switch
|
|-heal|p1a: Goodra|97\/100|[from] item: Leftovers
|-status|p2a: great tusk|brn|[from] item: Flame Orb
|upkeep
|turn|16
|
|t:|1741057194
|switch|p2a: zapdos|Kilowattrel, M|40\/100
|move|p1a: Goodra|Protect||[still]
|-fail|p1a: Goodra
|
|-heal|p1a: Goodra|100\/100|[from] item: Leftovers
|-fieldend|move: Trick Room
|upkeep
|turn|17
|l| Ausxh
|
|t:|1741057211
|move|p2a: zapdos|Roost|p2a: zapdos
|-heal|p2a: zapdos|90\/100
|-singleturn|p2a: zapdos|move: Roost
|move|p1a: Goodra|Flamethrower|p2a: zapdos
|-damage|p2a: zapdos|34\/100
|
|upkeep
|turn|18
|
|t:|1741057247
|move|p2a: zapdos|Volt Switch|p1a: Goodra
|-resisted|p1a: Goodra
|-damage|p1a: Goodra|89\/100
|
|t:|1741057255
|switch|p2a: Tyranitar|Tyranitar, M|100\/100|[from] Volt Switch
|-weather|Sandstorm|[from] ability: Sand Stream|[of] p2a: Tyranitar
|move|p1a: Goodra|Flash Cannon|p2a: Tyranitar
|-supereffective|p2a: Tyranitar
|-damage|p2a: Tyranitar|68\/100
|
|-weather|Sandstorm|[upkeep]
|-heal|p2a: Tyranitar|74\/100|[from] item: Leftovers
|-heal|p1a: Goodra|95\/100|[from] item: Leftovers
|upkeep
|turn|19
|j| imred65
|
|t:|1741057354
|move|p1a: Goodra|Protect|p1a: Goodra
|-singleturn|p1a: Goodra|Protect
|move|p2a: Tyranitar|Stealth Rock|p1a: Goodra
|-sidestart|p1: conundromic|move: Stealth Rock
|
|-weather|Sandstorm|[upkeep]
|-heal|p2a: Tyranitar|80\/100|[from] item: Leftovers
|-heal|p1a: Goodra|100\/100|[from] item: Leftovers
|upkeep
|turn|20
|
|t:|1741057421
|switch|p1a: Annihilape|Annihilape, M|100\/100
|-damage|p1a: Annihilape|94\/100|[from] Stealth Rock
|move|p2a: Tyranitar|Knock Off|p1a: Annihilape
|-damage|p1a: Annihilape|46\/100
|-enditem|p1a: Annihilape|Leftovers|[from] move: Knock Off|[of] p2a: Tyranitar
|
|-weather|Sandstorm|[upkeep]
|-damage|p1a: Annihilape|40\/100|[from] Sandstorm
|-heal|p2a: Tyranitar|86\/100|[from] item: Leftovers
|upkeep
|turn|21
|
|t:|1741057464
|switch|p2a: zapdos|Kilowattrel, M|34\/100
|move|p1a: Annihilape|Drain Punch|p2a: zapdos
|-resisted|p2a: zapdos
|-damage|p2a: zapdos|7\/100
|-heal|p1a: Annihilape|49\/100|[from] drain|[of] p2a: zapdos
|
|-weather|Sandstorm|[upkeep]
|-damage|p2a: zapdos|1\/100|[from] Sandstorm
|-damage|p1a: Annihilape|43\/100|[from] Sandstorm
|upkeep
|turn|22
|
|t:|1741057581
|switch|p1a: Goodra|Goodra-Hisui, F|100\/100
|-damage|p1a: Goodra|94\/100|[from] Stealth Rock
|move|p2a: zapdos|Volt Switch|p1a: Goodra
|-resisted|p1a: Goodra
|-damage|p1a: Goodra|84\/100
|
|t:|1741057606
|switch|p2a: meowscarada|Mienshao, M|100\/100|[from] Volt Switch
|
|-weather|none
|-heal|p1a: Goodra|90\/100|[from] item: Leftovers
|upkeep
|turn|23
|
|t:|1741057615
|switch|p1a: Toxapex|Toxapex, M|96\/100
|-damage|p1a: Toxapex|84\/100|[from] Stealth Rock
|move|p2a: meowscarada|Close Combat|p1a: Toxapex
|-resisted|p1a: Toxapex
|-damage|p1a: Toxapex|57\/100
|-unboost|p2a: meowscarada|def|1
|-unboost|p2a: meowscarada|spd|1
|-damage|p2a: meowscarada|91\/100|[from] item: Life Orb
|
|upkeep
|turn|24
|
|t:|1741057640
|move|p1a: Toxapex|Baneful Bunker|p1a: Toxapex
|-singleturn|p1a: Toxapex|move: Protect
|move|p2a: meowscarada|U-turn|p1a: Toxapex
|-activate|p1a: Toxapex|move: Protect
|-status|p2a: meowscarada|psn
|
|-damage|p2a: meowscarada|78\/100 psn|[from] psn
|upkeep
|turn|25
|
|t:|1741057662
|move|p2a: meowscarada|U-turn|p1a: Toxapex
|-resisted|p1a: Toxapex
|-damage|p1a: Toxapex|47\/100
|-damage|p2a: meowscarada|68\/100 psn|[from] item: Life Orb
|
|t:|1741057708
|switch|p2a: Tyranitar|Tyranitar, M|86\/100|[from] U-turn
|-weather|Sandstorm|[from] ability: Sand Stream|[of] p2a: Tyranitar
|move|p1a: Toxapex|Knock Off|p2a: Tyranitar
|-resisted|p2a: Tyranitar
|-damage|p2a: Tyranitar|81\/100
|-enditem|p2a: Tyranitar|Leftovers|[from] move: Knock Off|[of] p1a: Toxapex
|
|-weather|Sandstorm|[upkeep]
|-damage|p1a: Toxapex|41\/100|[from] Sandstorm
|upkeep
|turn|26
|
|t:|1741057727
|switch|p1a: Rotom|Rotom-Mow|100\/100
|-damage|p1a: Rotom|88\/100|[from] Stealth Rock
|move|p2a: Tyranitar|Earthquake|p1a: Rotom
|-immune|p1a: Rotom|[from] ability: Levitate
|
|-weather|Sandstorm|[upkeep]
|-damage|p1a: Rotom|82\/100|[from] Sandstorm
|-heal|p1a: Rotom|88\/100|[from] item: Leftovers
|upkeep
|turn|27
|
|t:|1741057753
|switch|p2a: gardevoir|Hatterene, F|95\/100
|move|p1a: Rotom|Reflect|p1a: Rotom
|-sidestart|p1: conundromic|Reflect
|
|-weather|Sandstorm|[upkeep]
|-damage|p1a: Rotom|82\/100|[from] Sandstorm
|-damage|p2a: gardevoir|89\/100|[from] Sandstorm
|-heal|p1a: Rotom|88\/100|[from] item: Leftovers
|-heal|p2a: gardevoir|95\/100|[from] item: Leftovers
|upkeep
|turn|28
|
|t:|1741057764
|move|p1a: Rotom|Volt Switch|p2a: gardevoir
|-damage|p2a: gardevoir|71\/100
|l| doctashockfan
|
|t:|1741057806
|switch|p1a: Dudunsparce|Dudunsparce, F|100\/100|[from] Volt Switch
|-damage|p1a: Dudunsparce|88\/100|[from] Stealth Rock
|move|p2a: gardevoir|Draining Kiss|p1a: Dudunsparce
|-damage|p1a: Dudunsparce|67\/100
|-heal|p2a: gardevoir|93\/100|[from] drain|[of] p1a: Dudunsparce
|
|-weather|Sandstorm|[upkeep]
|-damage|p1a: Dudunsparce|61\/100|[from] Sandstorm
|-damage|p2a: gardevoir|87\/100|[from] Sandstorm
|-heal|p1a: Dudunsparce|67\/100|[from] item: Leftovers
|-heal|p2a: gardevoir|93\/100|[from] item: Leftovers
|upkeep
|turn|29
|
|t:|1741057839
|move|p1a: Dudunsparce|Body Slam|p2a: gardevoir
|-damage|p2a: gardevoir|63\/100
|move|p2a: gardevoir|Trick Room|p2a: gardevoir
|-fieldstart|move: Trick Room|[of] p2a: gardevoir
|
|-weather|none
|-heal|p2a: gardevoir|69\/100|[from] item: Leftovers
|-heal|p1a: Dudunsparce|73\/100|[from] item: Leftovers
|upkeep
|turn|30
|
|t:|1741057851
|switch|p2a: great tusk|Ursaluna, F|100\/100 brn
|move|p1a: Dudunsparce|Coil|p1a: Dudunsparce
|-boost|p1a: Dudunsparce|atk|1
|-boost|p1a: Dudunsparce|def|1
|-boost|p1a: Dudunsparce|accuracy|1
|
|-heal|p1a: Dudunsparce|79\/100|[from] item: Leftovers
|-damage|p2a: great tusk|94\/100 brn|[from] brn
|upkeep
|turn|31
|
|t:|1741057896
|-terastallize|p1a: Dudunsparce|Ghost
|move|p2a: great tusk|Fling|p1a: Dudunsparce
|-supereffective|p1a: Dudunsparce
|-damage|p1a: Dudunsparce|72\/100
|-status|p1a: Dudunsparce|brn
|-enditem|p2a: great tusk|Flame Orb|[from] move: Fling
|move|p1a: Dudunsparce|Coil|p1a: Dudunsparce
|-boost|p1a: Dudunsparce|atk|1
|-boost|p1a: Dudunsparce|def|1
|-boost|p1a: Dudunsparce|accuracy|1
|
|-heal|p1a: Dudunsparce|78\/100 brn|[from] item: Leftovers
|-damage|p2a: great tusk|88\/100 brn|[from] brn
|-damage|p1a: Dudunsparce|72\/100 brn|[from] brn
|-sideend|p1: conundromic|Reflect
|upkeep
|turn|32
|
|t:|1741057919
|move|p2a: great tusk|Earthquake|p1a: Dudunsparce
|-damage|p1a: Dudunsparce|41\/100 brn
|move|p1a: Dudunsparce|Coil|p1a: Dudunsparce
|-boost|p1a: Dudunsparce|atk|1
|-boost|p1a: Dudunsparce|def|1
|-boost|p1a: Dudunsparce|accuracy|1
|
|-heal|p1a: Dudunsparce|47\/100 brn|[from] item: Leftovers
|-damage|p2a: great tusk|82\/100 brn|[from] brn
|-damage|p1a: Dudunsparce|41\/100 brn|[from] brn
|upkeep
|turn|33
|
|t:|1741057966
|switch|p2a: zapdos|Kilowattrel, M|1\/100
|move|p1a: Dudunsparce|Roost|p1a: Dudunsparce
|-heal|p1a: Dudunsparce|91\/100 brn
|
|-heal|p1a: Dudunsparce|97\/100 brn|[from] item: Leftovers
|-damage|p1a: Dudunsparce|91\/100 brn|[from] brn
|-fieldend|move: Trick Room
|upkeep
|turn|34
|
|t:|1741057985
|move|p2a: zapdos|Hurricane|p1a: Dudunsparce
|-damage|p1a: Dudunsparce|49\/100 brn
|move|p1a: Dudunsparce|Dragon Tail|p2a: zapdos
|-damage|p2a: zapdos|0 fnt
|faint|p2a: zapdos
|
|-heal|p1a: Dudunsparce|55\/100 brn|[from] item: Leftovers
|-damage|p1a: Dudunsparce|49\/100 brn|[from] brn
|upkeep
|
|t:|1741058004
|switch|p2a: Tyranitar|Tyranitar, M|81\/100
|-weather|Sandstorm|[from] ability: Sand Stream|[of] p2a: Tyranitar
|turn|35
|
|t:|1741058017
|move|p2a: Tyranitar|Knock Off|p1a: Dudunsparce
|-supereffective|p1a: Dudunsparce
|-damage|p1a: Dudunsparce|25\/100 brn
|-enditem|p1a: Dudunsparce|Leftovers|[from] move: Knock Off|[of] p2a: Tyranitar
|move|p1a: Dudunsparce|Roost|p1a: Dudunsparce
|-heal|p1a: Dudunsparce|75\/100 brn
|
|-weather|Sandstorm|[upkeep]
|-damage|p1a: Dudunsparce|69\/100 brn|[from] Sandstorm
|-damage|p1a: Dudunsparce|63\/100 brn|[from] brn
|upkeep
|turn|36
|
|t:|1741058040
|move|p2a: Tyranitar|Knock Off|p1a: Dudunsparce
|-supereffective|p1a: Dudunsparce
|-damage|p1a: Dudunsparce|44\/100 brn
|move|p1a: Dudunsparce|Coil|p1a: Dudunsparce
|-boost|p1a: Dudunsparce|atk|1
|-boost|p1a: Dudunsparce|def|1
|-boost|p1a: Dudunsparce|accuracy|1
|
|-weather|Sandstorm|[upkeep]
|-damage|p1a: Dudunsparce|38\/100 brn|[from] Sandstorm
|-damage|p1a: Dudunsparce|31\/100 brn|[from] brn
|upkeep
|turn|37
|
|t:|1741058059
|move|p2a: Tyranitar|Knock Off|p1a: Dudunsparce
|-supereffective|p1a: Dudunsparce
|-damage|p1a: Dudunsparce|17\/100 brn
|move|p1a: Dudunsparce|Roost|p1a: Dudunsparce
|-heal|p1a: Dudunsparce|67\/100 brn
|
|-weather|Sandstorm|[upkeep]
|-damage|p1a: Dudunsparce|61\/100 brn|[from] Sandstorm
|-damage|p1a: Dudunsparce|54\/100 brn|[from] brn
|upkeep
|turn|38
|
|t:|1741058069
|move|p2a: Tyranitar|Knock Off|p1a: Dudunsparce
|-supereffective|p1a: Dudunsparce
|-damage|p1a: Dudunsparce|41\/100 brn
|move|p1a: Dudunsparce|Roost|p1a: Dudunsparce
|-heal|p1a: Dudunsparce|91\/100 brn
|
|-weather|Sandstorm|[upkeep]
|-damage|p1a: Dudunsparce|85\/100 brn|[from] Sandstorm
|-damage|p1a: Dudunsparce|78\/100 brn|[from] brn
|upkeep
|turn|39
|
|t:|1741058080
|move|p2a: Tyranitar|Knock Off|p1a: Dudunsparce
|-supereffective|p1a: Dudunsparce
|-damage|p1a: Dudunsparce|64\/100 brn
|move|p1a: Dudunsparce|Coil|p1a: Dudunsparce
|-boost|p1a: Dudunsparce|atk|1
|-boost|p1a: Dudunsparce|def|1
|-boost|p1a: Dudunsparce|accuracy|1
|
|-weather|none
|-damage|p1a: Dudunsparce|58\/100 brn|[from] brn
|upkeep
|turn|40
|
|t:|1741058093
|move|p2a: Tyranitar|Knock Off|p1a: Dudunsparce
|-supereffective|p1a: Dudunsparce
|-damage|p1a: Dudunsparce|44\/100 brn
|move|p1a: Dudunsparce|Coil|p1a: Dudunsparce
|-boost|p1a: Dudunsparce|atk|1
|-boost|p1a: Dudunsparce|def|1
|-boost|p1a: Dudunsparce|accuracy|1
|
|-damage|p1a: Dudunsparce|38\/100 brn|[from] brn
|upkeep
|turn|41
|
|t:|1741058101
|move|p2a: Tyranitar|Knock Off|p1a: Dudunsparce
|-supereffective|p1a: Dudunsparce
|-damage|p1a: Dudunsparce|27\/100 brn
|move|p1a: Dudunsparce|Roost|p1a: Dudunsparce
|-heal|p1a: Dudunsparce|77\/100 brn
|
|-damage|p1a: Dudunsparce|71\/100 brn|[from] brn
|upkeep
|turn|42
|
|t:|1741058109
|move|p2a: Tyranitar|Knock Off|p1a: Dudunsparce
|-supereffective|p1a: Dudunsparce
|-damage|p1a: Dudunsparce|60\/100 brn
|move|p1a: Dudunsparce|Body Slam|p2a: Tyranitar
|-resisted|p2a: Tyranitar
|-damage|p2a: Tyranitar|58\/100
|-status|p2a: Tyranitar|par
|
|-damage|p1a: Dudunsparce|54\/100 brn|[from] brn
|upkeep
|turn|43
|
|t:|1741058118
|move|p1a: Dudunsparce|Roost|p1a: Dudunsparce
|-heal|p1a: Dudunsparce|100\/100 brn
|move|p2a: Tyranitar|Knock Off|p1a: Dudunsparce
|-supereffective|p1a: Dudunsparce
|-damage|p1a: Dudunsparce|89\/100 brn
|
|-damage|p1a: Dudunsparce|82\/100 brn|[from] brn
|upkeep
|turn|44
|
|t:|1741058125
|move|p1a: Dudunsparce|Body Slam|p2a: Tyranitar
|-resisted|p2a: Tyranitar
|-crit|p2a: Tyranitar
|-damage|p2a: Tyranitar|21\/100 par
|cant|p2a: Tyranitar|par
|
|-damage|p1a: Dudunsparce|76\/100 brn|[from] brn
|upkeep
|turn|45
|
|t:|1741058136
|move|p1a: Dudunsparce|Body Slam|p2a: Tyranitar
|-resisted|p2a: Tyranitar
|-damage|p2a: Tyranitar|0 fnt
|faint|p2a: Tyranitar
|
|-damage|p1a: Dudunsparce|70\/100 brn|[from] brn
|upkeep
|
|t:|1741058168
|switch|p2a: great tusk|Ursaluna, F|82\/100 brn
|turn|46
|
|t:|1741058175
|move|p1a: Dudunsparce|Body Slam|p2a: great tusk
|-damage|p2a: great tusk|38\/100 brn
|move|p2a: great tusk|Earthquake|p1a: Dudunsparce
|-damage|p1a: Dudunsparce|54\/100 brn
|
|-damage|p1a: Dudunsparce|48\/100 brn|[from] brn
|-damage|p2a: great tusk|32\/100 brn|[from] brn
|upkeep
|turn|47
|
|t:|1741058183
|move|p1a: Dudunsparce|Body Slam|p2a: great tusk
|-damage|p2a: great tusk|0 fnt
|faint|p2a: great tusk
|
|-damage|p1a: Dudunsparce|42\/100 brn|[from] brn
|upkeep
|
|t:|1741058189
|switch|p2a: meowscarada|Mienshao, M|100\/100 psn
|turn|48
|
|t:|1741058200
|move|p2a: meowscarada|Triple Axel|p1a: Dudunsparce
|-damage|p1a: Dudunsparce|40\/100 brn
|-damage|p1a: Dudunsparce|36\/100 brn
|-damage|p1a: Dudunsparce|32\/100 brn
|-hitcount|p1a: Dudunsparce|3
|-damage|p2a: meowscarada|91\/100 psn|[from] item: Life Orb
|move|p1a: Dudunsparce|Body Slam|p2a: meowscarada
|-damage|p2a: meowscarada|0 fnt
|faint|p2a: meowscarada
|
|-damage|p1a: Dudunsparce|26\/100 brn|[from] brn
|upkeep
|
|t:|1741058211
|switch|p2a: gardevoir|Hatterene, F|69\/100
|turn|49
|
|t:|1741058221
|move|p1a: Dudunsparce|Roost|p1a: Dudunsparce
|-heal|p1a: Dudunsparce|76\/100 brn
|move|p2a: gardevoir|Psychic Noise|p1a: Dudunsparce
|-damage|p1a: Dudunsparce|45\/100 brn
|-start|p1a: Dudunsparce|move: Heal Block
|
|-heal|p2a: gardevoir|75\/100|[from] item: Leftovers
|-damage|p1a: Dudunsparce|39\/100 brn|[from] brn
|upkeep
|turn|50
|
|t:|1741058235
|move|p1a: Dudunsparce|Body Slam|p2a: gardevoir
|-damage|p2a: gardevoir|23\/100
|-status|p2a: gardevoir|par
|move|p2a: gardevoir|Dazzling Gleam|p1a: Dudunsparce
|-damage|p1a: Dudunsparce|7\/100 brn
|
|-heal|p2a: gardevoir|29\/100 par|[from] item: Leftovers
|-damage|p1a: Dudunsparce|0 fnt|[from] brn
|faint|p1a: Dudunsparce
|upkeep
|c|☆CDR Cucumber|ok status moves only
|
|t:|1741058251
|switch|p1a: Weavile|Weavile, F|100\/100
|-damage|p1a: Weavile|76\/100|[from] Stealth Rock
|-ability|p1a: Weavile|Pressure
|turn|51
|
|t:|1741058259
|move|p1a: Weavile|Knock Off|p2a: gardevoir
|-damage|p2a: gardevoir|0 fnt
|-enditem|p2a: gardevoir|Leftovers|[from] move: Knock Off|[of] p1a: Weavile
|faint|p2a: gardevoir
|
|win|conundromic
|c|☆conundromic|gg
|c|☆CDR Cucumber|:\/
|c|☆conundromic|the flame orb fling is hilarious
|c|☆conundromic|its actually really good tech
|c|☆CDR Cucumber|ive been waiting all season for that one
|c|☆conundromic|i got the replay
|c|☆CDR Cucumber|ty
|c|☆conundromic|we prepped so hard for the trick room ursaluna
|c|☆conundromic|though
|c|☆conundromic|it was super scary
|c|☆conundromic|our team kinda has no ursaluna switchins
|c|☆CDR Cucumber|you have two, it just depends which move i use
|c|☆conundromic|well yeah
|c|☆CDR Cucumber|i got hella outmaneuvered
|c|☆conundromic|in either case in trick room we have to get every turn right or else we lose
|c|☆CDR Cucumber|i didnt have any solutions
|l| imred65
|c|☆CDR Cucumber|are you scarf weavile
|c|☆conundromic|i think in general its a really tough matchup for you though
|c|☆CDR Cucumber|it was so hard to prep for
|c|☆conundromic|the mocks that I did went really well
|c|☆conundromic|we were band
|c|☆CDR Cucumber|damn
|c|☆CDR Cucumber|i didnt bring the cat
|c|☆CDR Cucumber|bc of that
|c|☆conundromic|i thought about it for the meow
|c|☆conundromic|yea
|c|☆conundromic|but i think meow kinda sucks this week
|c|☆CDR Cucumber|flower trick would have been nice here
|c|☆conundromic|the only meow set that was good was trick scarf i think
|c|☆conundromic|because none of our mons really like being scarfed
|c|☆conundromic|flower trick would have been good too
|c|☆CDR Cucumber|well, i was scared of scarf on a few things
|c|☆CDR Cucumber|but trick locks me into psychic which is weird
|c|☆conundromic|also true
|c|☆CDR Cucumber|but i guess i just switch
|c|☆conundromic|you can u-turn out yea
|j| foodss
|c|☆CDR Cucumber|my cat dilemma is he wants too many moves
|c|☆conundromic|yeah
|c|☆CDR Cucumber|i didnt bring the lamp bc everything felt too fast but it wouldve been good here
|c|☆conundromic|i was also quite scared of chandeulure
|c|☆CDR Cucumber|im so embarrased about first 8 turns or whatever
|c|☆CDR Cucumber|bamboozled
|l| serendipidu
|c|☆CDR Cucumber|i even have earthquake
|c|☆conundromic|goodra cooks
|c|☆CDR Cucumber|i jsut
|c|☆CDR Cucumber|was like "oh he switch to rotom"
|c|☆CDR Cucumber|so
|c|☆conundromic|i was looking at the standings and there were 9 teams at 3-1 before this week lol
|c|☆conundromic|which is crazy tbh
|c|☆CDR Cucumber|last week isnt even in
|c|☆CDR Cucumber|we got a lotta 4-1
|c|☆CDR Cucumber|now im 4-2 :(
|c|☆conundromic|ooh i didnt notice
|c|☆conundromic|4-2 is still really good
|c|☆CDR Cucumber|yeah
|c|☆CDR Cucumber|i think
|c|☆CDR Cucumber|your prep was hardest so far
|c|☆CDR Cucumber|i have still good chances moving forward
|c|☆CDR Cucumber|kilowattrel kinda sucks tho so i gotta decide if i keep tera there
|c|☆conundromic|yeah you should make playoffs

</script>
</div>
<div class="battle-log battle-log-inline"><div class="inner"><div class="battle-options"></div><div class="inner message-log"><div class="chat"><small>☆conundromic and ☆CDR Cucumber joined</small></div><div class=""><small>Format:</small> <br><strong>[Gen 9] NatDex Draft</strong></div><div class=""><small><em>Sleep Clause Mod:</em> Limit one foe put to sleep</small></div><div class=""><small><em>OHKO Clause:</em> OHKO moves are banned</small></div><div class=""><small><em>Evasion Clause:</em> Evasion abilities, items, and moves are banned</small></div><div class=""><small><em>Evasion Abilities Clause:</em> Evasion abilities are banned</small></div><div class=""><small><em>Evasion Items Clause:</em> Evasion items are banned</small></div><div class=""><small><em>Evasion Moves Clause:</em> Evasion moves are banned</small></div><div class=""><small><em>Endless Battle Clause:</em> Forcing endless battles is banned</small></div><div class=""><small><em>HP Percentage Mod:</em> HP is shown in percentages</small></div><div class="chat battle-history"><strong>conundromic's team:</strong> <em style="color:#445566;display:block;">Weavile / Toxapex / Annihilape / Goodra-Hisui / Rotom-Mow / Dudunsparce-*</em></div><div class="chat battle-history"><strong>CDR Cucumber's team:</strong> <em style="color:#445566;display:block;">Kilowattrel / Mienshao / Celesteela / Ursaluna / Tyranitar / Hatterene</em></div><div class="chat"><small> doctashockfan,  ChillerFrost,  Crown oji,  Ausxh,  serendipidu, and  DoctaShock joined</small></div><div class="spacer battle-history"><br></div><div class="battle-history">Battle started between conundromic and CDR Cucumber!<br></div><div class="spacer battle-history"><br></div><div class="battle-history">Go! Goodra (<strong>Goodra-Hisui</strong>)!<br></div><div class="spacer battle-history"><br></div><div class="battle-history">CDR Cucumber sent out goodra-hisui (<strong>Celesteela</strong>)!<br></div><div class="spacer battle-history"><br></div><h2 class="battle-history">Turn 1</h2><div class="chat chatmessage-conundromic"><strong style="color:#2d8875"><small>☆</small><span class="username" data-name="conundromic">conundromic</span>:</strong> <em>hold on</em></div><div class="chat chatmessage-conundromic"><strong style="color:#2d8875"><small>☆</small><span class="username" data-name="conundromic">conundromic</span>:</strong> <em>spiderman meme</em></div><div class="chat chatmessage-cdrcucumber"><strong style="color:#109874"><small>☆</small><span class="username" data-name="CDR Cucumber">CDR Cucumber</span>:</strong> <em>lol</em></div><div class="chat chatmessage-cdrcucumber"><strong style="color:#109874"><small>☆</small><span class="username" data-name="CDR Cucumber">CDR Cucumber</span>:</strong> <em>my tyranitar nickname didn't go through</em></div><div class="spacer battle-history"><br></div><div class="battle-history">The opposing goodra-hisui used <strong>Heavy Slam</strong>!<br></div><div class="battle-history"><small>It's not very effective...</small><br></div><div class="battle-history"><small>(Goodra lost 9% of its health!)</small><br></div><div class="spacer battle-history"><br></div><div class="battle-history">Goodra used <strong>Knock Off</strong>!<br></div><div class="battle-history"><small>(The opposing goodra-hisui lost 13% of its health!)</small><br></div><div class="battle-history"><small>Goodra was hurt by the Rocky Helmet!</small><br></div><div class="battle-history"><small>Goodra knocked off the opposing goodra-hisui's Rocky Helmet!</small><br></div><div class="spacer battle-history"><br></div><div class="battle-history"><small>Goodra restored a little HP using its Leftovers!</small><br></div><div class="spacer battle-history"><br></div><h2 class="battle-history">Turn 2</h2><div class="spacer battle-history"><br></div><div class="battle-history">The opposing goodra-hisui used <strong>Heavy Slam</strong>!<br></div><div class="battle-history"><small>It's not very effective...</small><br></div><div class="battle-history"><small>(Goodra lost 8% of its health!)</small><br></div><div class="spacer battle-history"><br></div><div class="battle-history">Goodra used <strong>Flamethrower</strong>!<br></div><div class="battle-history"><small>It's super effective!</small><br></div><div class="battle-history"><small>(The opposing goodra-hisui lost 40% of its health!)</small><br></div><div class="spacer battle-history"><br></div><div class="battle-history"><small>Goodra restored a little HP using its Leftovers!</small><br></div><div class="spacer battle-history"><br></div><h2 class="battle-history">Turn 3</h2><div class="chat"><small> Ocarina919 joined</small></div><div class="spacer battle-history"><br></div><div class="battle-history">CDR Cucumber withdrew goodra-hisui!<br></div><div class="battle-history">CDR Cucumber sent out zapdos (<strong>Kilowattrel</strong>)!<br></div><div class="spacer battle-history"><br></div><div class="battle-history">Goodra used <strong>Knock Off</strong>!<br></div><div class="battle-history"><small>(The opposing zapdos lost 35% of its health!)</small><br></div><div class="battle-history"><small>Goodra knocked off the opposing zapdos's Heavy-Duty Boots!</small><br></div><div class="spacer battle-history"><br></div><div class="battle-history"><small>Goodra restored a little HP using its Leftovers!</small><br></div><div class="spacer battle-history"><br></div><h2 class="battle-history">Turn 4</h2><div class="spacer battle-history"><br></div><div class="battle-history">Goodra used <strong>Protect</strong>!<br></div><div class="battle-history"><small>Goodra protected itself!</small><br></div><div class="spacer battle-history"><br></div><div class="battle-history">The opposing zapdos used <strong>Roost</strong>!<br></div><div class="battle-history"><small>The opposing zapdos had its HP restored.</small><br></div><div class="battle-history"><small>(The opposing zapdos loses Flying type this turn.)</small><br></div><div class="spacer battle-history"><br></div><div class="battle-history"><small>Goodra restored a little HP using its Leftovers!</small><br></div><div class="spacer battle-history"><br></div><h2 class="battle-history">Turn 5</h2><div class="spacer battle-history"><br></div><div class="battle-history">The opposing zapdos used <strong>Volt Switch</strong>!<br></div><div class="battle-history"><small>It's not very effective...</small><br></div><div class="battle-history"><small>(Goodra lost 11% of its health!)</small><br></div><div class="spacer battle-history"><br></div><div class="battle-history">The opposing zapdos went back to CDR Cucumber!<br></div><div class="battle-history">CDR Cucumber sent out goodra-hisui (<strong>Celesteela</strong>)!<br></div><div class="spacer battle-history"><br></div><div class="battle-history">Goodra used <strong>Flamethrower</strong>!<br></div><div class="battle-history"><small>It's super effective!</small><br></div><div class="battle-history"><small>(The opposing goodra-hisui lost 45% of its health!)</small><br></div><div class="spacer battle-history"><br></div><div class="battle-history"><small>Goodra restored a little HP using its Leftovers!</small><br></div><div class="spacer battle-history"><br></div><h2 class="battle-history">Turn 6</h2><div class="spacer battle-history"><br></div><div class="battle-history">The opposing goodra-hisui used <strong>Leech Seed</strong>!<br></div><div class="battle-history">[Goodra's Sap Sipper]<br></div><div class="battle-history"><small>Goodra's Attack rose!</small><br></div><div class="spacer battle-history"><br></div><div class="battle-history">Goodra used <strong>Knock Off</strong>!<br></div><div class="battle-history"><small>(The opposing goodra-hisui lost 2% of its health!)</small><br></div><div class="spacer battle-history"><br></div><div class="battle-history">The opposing goodra-hisui fainted!<br></div><div class="spacer battle-history"><br></div><div class="battle-history"><small>Goodra restored a little HP using its Leftovers!</small><br></div><div class="chat chatmessage-cdrcucumber"><strong style="color:#109874"><small>☆</small><span class="username" data-name="CDR Cucumber">CDR Cucumber</span>:</strong> <em>oh</em></div><div class="chat chatmessage-cdrcucumber"><strong style="color:#109874"><small>☆</small><span class="username" data-name="CDR Cucumber">CDR Cucumber</span>:</strong> <em>that fucked me up</em></div><div class="spacer battle-history"><br></div><div class="battle-history">CDR Cucumber sent out meowscarada (<strong>Mienshao</strong>)!<br></div><div class="spacer battle-history"><br></div><h2 class="battle-history">Turn 7</h2><div class="chat chatmessage-ausxh"><strong style="color:#1d7ab4"><small> </small><span class="username" data-name="Ausxh">Ausxh</span>:</strong> <em>we have zapdos at home...</em></div><div class="chat chatmessage-ausxh"><strong style="color:#1d7ab4"><small> </small><span class="username" data-name="Ausxh">Ausxh</span>:</strong> <em>sap sipper on leech seed is so nuts though huh</em></div><div class="spacer battle-history"><br></div><div class="battle-history">Goodra, come back!<br></div><div class="battle-history">Go! <strong>Toxapex</strong>!<br></div><div class="spacer battle-history"><br></div><div class="battle-history">The opposing meowscarada used <strong>Knock Off</strong>!<br></div><div class="battle-history"><small>(Toxapex lost 25% of its health!)</small><br></div><div class="battle-history"><small>The opposing meowscarada knocked off Toxapex's Black Sludge!</small><br></div><div class="battle-history"><small>The opposing meowscarada lost some of its HP!</small><br></div><div class="spacer battle-history"><br></div><h2 class="battle-history">Turn 8</h2><div class="spacer battle-history"><br></div><div class="battle-history">The opposing meowscarada used <strong>U-turn</strong>!<br></div><div class="battle-history"><small>It's not very effective...</small><br></div><div class="battle-history"><small>(Toxapex lost 10% of its health!)</small><br></div><div class="battle-history"><small>The opposing meowscarada lost some of its HP!</small><br></div><div class="spacer battle-history"><br></div><div class="battle-history">The opposing meowscarada went back to CDR Cucumber!<br></div><div class="battle-history">CDR Cucumber sent out zapdos (<strong>Kilowattrel</strong>)!<br></div><div class="spacer battle-history"><br></div><div class="battle-history">Toxapex used <strong>Scald</strong>!<br></div><div class="battle-history"><small>(The opposing zapdos lost 29% of its health!)</small><br></div><div class="spacer battle-history"><br></div><h2 class="battle-history">Turn 9</h2><div class="spacer battle-history"><br></div><div class="battle-history">Toxapex, come back!<br></div><div class="battle-history">Go! Goodra (<strong>Goodra-Hisui</strong>)!<br></div><div class="spacer battle-history"><br></div><div class="battle-history">The opposing zapdos used <strong>Volt Switch</strong>!<br></div><div class="battle-history"><small>It's not very effective...</small><br></div><div class="battle-history"><small>(Goodra lost 10% of its health!)</small><br></div><div class="spacer battle-history"><br></div><div class="battle-history">The opposing zapdos went back to CDR Cucumber!<br></div><div class="battle-history">CDR Cucumber sent out meowscarada (<strong>Mienshao</strong>)!<br></div><div class="spacer battle-history"><br></div><div class="battle-history"><small>Goodra restored a little HP using its Leftovers!</small><br></div><div class="spacer battle-history"><br></div><h2 class="battle-history">Turn 10</h2><div class="spacer battle-history"><br></div><div class="battle-history">Goodra, come back!<br></div><div class="battle-history">Go! <strong>Toxapex</strong>!<br></div><div class="spacer battle-history"><br></div><div class="battle-history">The opposing meowscarada used <strong>Close Combat</strong>!<br></div><div class="battle-history"><small>It's not very effective...</small><br></div><div class="battle-history"><small>(Toxapex lost 25% of its health!)</small><br></div><div class="battle-history"><small>The opposing meowscarada's Defense fell!</small><br></div><div class="battle-history"><small>The opposing meowscarada's Sp. Def fell!</small><br></div><div class="battle-history"><small>The opposing meowscarada lost some of its HP!</small><br></div><div class="spacer battle-history"><br></div><h2 class="battle-history">Turn 11</h2><div class="spacer battle-history"><br></div><div class="battle-history">The opposing meowscarada used <strong>U-turn</strong>!<br></div><div class="battle-history"><small>It's not very effective...</small><br></div><div class="battle-history"><small>(Toxapex lost 10% of its health!)</small><br></div><div class="battle-history"><small>The opposing meowscarada lost some of its HP!</small><br></div><div class="spacer battle-history"><br></div><div class="battle-history">The opposing meowscarada went back to CDR Cucumber!<br></div><div class="battle-history">CDR Cucumber sent out gardevoir (<strong>Hatterene</strong>)!<br></div><div class="spacer battle-history"><br></div><div class="battle-history">Toxapex used <strong>Scald</strong>!<br></div><div class="battle-history"><small>(The opposing gardevoir lost 17% of its health!)</small><br></div><div class="spacer battle-history"><br></div><div class="battle-history"><small>The opposing gardevoir restored a little HP using its Leftovers!</small><br></div><div class="spacer battle-history"><br></div><h2 class="battle-history">Turn 12</h2><div class="spacer battle-history"><br></div><div class="battle-history">Toxapex, come back!<br></div><div class="battle-history">Go! Goodra (<strong>Goodra-Hisui</strong>)!<br></div><div class="spacer battle-history"><br></div><div class="battle-history">The opposing gardevoir used <strong>Trick Room</strong>!<br></div><div class="battle-history"><small>The opposing gardevoir twisted the dimensions!</small><br></div><div class="spacer battle-history"><br></div><div class="battle-history"><small>The opposing gardevoir restored a little HP using its Leftovers!</small><br></div><div class="battle-history"><small>Goodra restored a little HP using its Leftovers!</small><br></div><div class="spacer battle-history"><br></div><h2 class="battle-history">Turn 13</h2><div class="spacer battle-history"><br></div><div class="battle-history">CDR Cucumber withdrew gardevoir!<br></div><div class="battle-history">CDR Cucumber sent out zapdos (<strong>Kilowattrel</strong>)!<br></div><div class="spacer battle-history"><br></div><div class="battle-history">Goodra used <strong>Knock Off</strong>!<br></div><div class="battle-history"><small>(The opposing zapdos lost 27% of its health!)</small><br></div><div class="spacer battle-history"><br></div><div class="battle-history"><small>Goodra restored a little HP using its Leftovers!</small><br></div><div class="spacer battle-history"><br></div><h2 class="battle-history">Turn 14</h2><div class="spacer battle-history"><br></div><div class="battle-history">Goodra used <strong>Protect</strong>!<br></div><div class="battle-history"><small>Goodra protected itself!</small><br></div><div class="spacer battle-history"><br></div><div class="battle-history">The opposing zapdos used <strong>Roost</strong>!<br></div><div class="battle-history"><small>The opposing zapdos had its HP restored.</small><br></div><div class="battle-history"><small>(The opposing zapdos loses Flying type this turn.)</small><br></div><div class="spacer battle-history"><br></div><div class="battle-history"><small>Goodra restored a little HP using its Leftovers!</small><br></div><div class="spacer battle-history"><br></div><h2 class="battle-history">Turn 15</h2><div class="spacer battle-history"><br></div><div class="battle-history">Goodra used <strong>Flamethrower</strong>!<br></div><div class="battle-history"><small>(The opposing zapdos lost 54% of its health!)</small><br></div><div class="spacer battle-history"><br></div><div class="battle-history">The opposing zapdos used <strong>Volt Switch</strong>!<br></div><div class="battle-history"><small>It's not very effective...</small><br></div><div class="battle-history"><small>(Goodra lost 9% of its health!)</small><br></div><div class="spacer battle-history"><br></div><div class="battle-history">The opposing zapdos went back to CDR Cucumber!<br></div><div class="battle-history">CDR Cucumber sent out great tusk (<strong>Ursaluna</strong>)!<br></div><div class="spacer battle-history"><br></div><div class="battle-history"><small>Goodra restored a little HP using its Leftovers!</small><br></div><div class="battle-history"><small>The opposing great tusk was burned!</small><br></div><div class="spacer battle-history"><br></div><h2 class="battle-history">Turn 16</h2><div class="spacer battle-history"><br></div><div class="battle-history">CDR Cucumber withdrew great tusk!<br></div><div class="battle-history">CDR Cucumber sent out zapdos (<strong>Kilowattrel</strong>)!<br></div><div class="spacer battle-history"><br></div><div class="battle-history">Goodra used <strong>Protect</strong>!<br></div><div class="battle-history"><small>But it failed!</small><br></div><div class="spacer battle-history"><br></div><div class="battle-history"><small>Goodra restored a little HP using its Leftovers!</small><br></div><div class="battle-history"><small>The twisted dimensions returned to normal!</small><br></div><div class="spacer battle-history"><br></div><h2 class="battle-history">Turn 17</h2><div class="chat"><small> Ausxh left</small></div><div class="spacer battle-history"><br></div><div class="battle-history">The opposing zapdos used <strong>Roost</strong>!<br></div><div class="battle-history"><small>The opposing zapdos had its HP restored.</small><br></div><div class="battle-history"><small>(The opposing zapdos loses Flying type this turn.)</small><br></div><div class="spacer battle-history"><br></div><div class="battle-history">Goodra used <strong>Flamethrower</strong>!<br></div><div class="battle-history"><small>(The opposing zapdos lost 56% of its health!)</small><br></div><div class="spacer battle-history"><br></div><h2 class="battle-history">Turn 18</h2><div class="spacer battle-history"><br></div><div class="battle-history">The opposing zapdos used <strong>Volt Switch</strong>!<br></div><div class="battle-history"><small>It's not very effective...</small><br></div><div class="battle-history"><small>(Goodra lost 11% of its health!)</small><br></div><div class="spacer battle-history"><br></div><div class="battle-history">The opposing zapdos went back to CDR Cucumber!<br></div><div class="battle-history">CDR Cucumber sent out <strong>Tyranitar</strong>!<br></div><div class="battle-history">[The opposing Tyranitar's Sand Stream]<br><small>A sandstorm kicked up!</small><br></div><div class="spacer battle-history"><br></div><div class="battle-history">Goodra used <strong>Flash Cannon</strong>!<br></div><div class="battle-history"><small>It's super effective!</small><br></div><div class="battle-history"><small>(The opposing Tyranitar lost 32% of its health!)</small><br></div><div class="spacer battle-history"><br></div><div class="battle-history"><small>(The sandstorm is raging.)</small><br></div><div class="battle-history"><small>The opposing Tyranitar restored a little HP using its Leftovers!</small><br></div><div class="battle-history"><small>Goodra restored a little HP using its Leftovers!</small><br></div><div class="spacer battle-history"><br></div><h2 class="battle-history">Turn 19</h2><div class="chat"><small> imred65 joined</small></div><div class="spacer battle-history"><br></div><div class="battle-history">Goodra used <strong>Protect</strong>!<br></div><div class="battle-history"><small>Goodra protected itself!</small><br></div><div class="spacer battle-history"><br></div><div class="battle-history">The opposing Tyranitar used <strong>Stealth Rock</strong>!<br></div><div class="battle-history"><small>Pointed stones float in the air around your team!</small><br></div><div class="spacer battle-history"><br></div><div class="battle-history"><small>(The sandstorm is raging.)</small><br></div><div class="battle-history"><small>The opposing Tyranitar restored a little HP using its Leftovers!</small><br></div><div class="battle-history"><small>Goodra restored a little HP using its Leftovers!</small><br></div><div class="spacer battle-history"><br></div><h2 class="battle-history">Turn 20</h2><div class="spacer battle-history"><br></div><div class="battle-history">Goodra, come back!<br></div><div class="battle-history">Go! <strong>Annihilape</strong>!<br></div><div class="battle-history"><small>Pointed stones dug into Annihilape!</small><br></div><div class="spacer battle-history"><br></div><div class="battle-history">The opposing Tyranitar used <strong>Knock Off</strong>!<br></div><div class="battle-history"><small>(Annihilape lost 48% of its health!)</small><br></div><div class="battle-history"><small>The opposing Tyranitar knocked off Annihilape's Leftovers!</small><br></div><div class="spacer battle-history"><br></div><div class="battle-history"><small>(The sandstorm is raging.)</small><br></div><div class="battle-history"><small>Annihilape is buffeted by the sandstorm!</small><br></div><div class="battle-history"><small>The opposing Tyranitar restored a little HP using its Leftovers!</small><br></div><div class="spacer battle-history"><br></div><h2 class="battle-history">Turn 21</h2><div class="spacer battle-history"><br></div><div class="battle-history">CDR Cucumber withdrew Tyranitar!<br></div><div class="battle-history">CDR Cucumber sent out zapdos (<strong>Kilowattrel</strong>)!<br></div><div class="spacer battle-history"><br></div><div class="battle-history">Annihilape used <strong>Drain Punch</strong>!<br></div><div class="battle-history"><small>It's not very effective...</small><br></div><div class="battle-history"><small>(The opposing zapdos lost 27% of its health!)</small><br></div><div class="battle-history"><small>The opposing zapdos had its energy drained!</small><br></div><div class="spacer battle-history"><br></div><div class="battle-history"><small>(The sandstorm is raging.)</small><br></div><div class="battle-history"><small>The opposing zapdos is buffeted by the sandstorm!</small><br></div><div class="battle-history"><small>Annihilape is buffeted by the sandstorm!</small><br></div><div class="spacer battle-history"><br></div><h2 class="battle-history">Turn 22</h2><div class="spacer battle-history"><br></div><div class="battle-history">Annihilape, come back!<br></div><div class="battle-history">Go! Goodra (<strong>Goodra-Hisui</strong>)!<br></div><div class="battle-history"><small>Pointed stones dug into Goodra!</small><br></div><div class="spacer battle-history"><br></div><div class="battle-history">The opposing zapdos used <strong>Volt Switch</strong>!<br></div><div class="battle-history"><small>It's not very effective...</small><br></div><div class="battle-history"><small>(Goodra lost 10% of its health!)</small><br></div><div class="spacer battle-history"><br></div><div class="battle-history">The opposing zapdos went back to CDR Cucumber!<br></div><div class="battle-history">CDR Cucumber sent out meowscarada (<strong>Mienshao</strong>)!<br></div><div class="spacer battle-history"><br></div><div class="battle-history"><small>The sandstorm subsided.</small><br></div><div class="battle-history"><small>Goodra restored a little HP using its Leftovers!</small><br></div><div class="spacer battle-history"><br></div><h2 class="battle-history">Turn 23</h2><div class="spacer battle-history"><br></div><div class="battle-history">Goodra, come back!<br></div><div class="battle-history">Go! <strong>Toxapex</strong>!<br></div><div class="battle-history"><small>Pointed stones dug into Toxapex!</small><br></div><div class="spacer battle-history"><br></div><div class="battle-history">The opposing meowscarada used <strong>Close Combat</strong>!<br></div><div class="battle-history"><small>It's not very effective...</small><br></div><div class="battle-history"><small>(Toxapex lost 27% of its health!)</small><br></div><div class="battle-history"><small>The opposing meowscarada's Defense fell!</small><br></div><div class="battle-history"><small>The opposing meowscarada's Sp. Def fell!</small><br></div><div class="battle-history"><small>The opposing meowscarada lost some of its HP!</small><br></div><div class="spacer battle-history"><br></div><h2 class="battle-history">Turn 24</h2><div class="spacer battle-history"><br></div><div class="battle-history">Toxapex used <strong>Baneful Bunker</strong>!<br></div><div class="battle-history"><small>Toxapex protected itself!</small><br></div><div class="spacer battle-history"><br></div><div class="battle-history">The opposing meowscarada used <strong>U-turn</strong>!<br></div><div class="battle-history"><small>Toxapex protected itself!</small><br></div><div class="battle-history"><small>The opposing meowscarada was poisoned!</small><br></div><div class="spacer battle-history"><br></div><div class="battle-history"><small>The opposing meowscarada was hurt by poison!</small><br></div><div class="spacer battle-history"><br></div><h2 class="battle-history">Turn 25</h2><div class="spacer battle-history"><br></div><div class="battle-history">The opposing meowscarada used <strong>U-turn</strong>!<br></div><div class="battle-history"><small>It's not very effective...</small><br></div><div class="battle-history"><small>(Toxapex lost 10% of its health!)</small><br></div><div class="battle-history"><small>The opposing meowscarada lost some of its HP!</small><br></div><div class="spacer battle-history"><br></div><div class="battle-history">The opposing meowscarada went back to CDR Cucumber!<br></div><div class="battle-history">CDR Cucumber sent out <strong>Tyranitar</strong>!<br></div><div class="battle-history">[The opposing Tyranitar's Sand Stream]<br><small>A sandstorm kicked up!</small><br></div><div class="spacer battle-history"><br></div><div class="battle-history">Toxapex used <strong>Knock Off</strong>!<br></div><div class="battle-history"><small>It's not very effective...</small><br></div><div class="battle-history"><small>(The opposing Tyranitar lost 5% of its health!)</small><br></div><div class="battle-history"><small>Toxapex knocked off the opposing Tyranitar's Leftovers!</small><br></div><div class="spacer battle-history"><br></div><div class="battle-history"><small>(The sandstorm is raging.)</small><br></div><div class="battle-history"><small>Toxapex is buffeted by the sandstorm!</small><br></div><div class="spacer battle-history"><br></div><h2 class="battle-history">Turn 26</h2><div class="spacer battle-history"><br></div><div class="battle-history">Toxapex, come back!<br></div><div class="battle-history">Go! Rotom (<strong>Rotom-Mow</strong>)!<br></div><div class="battle-history"><small>Pointed stones dug into Rotom!</small><br></div><div class="spacer battle-history"><br></div><div class="battle-history">The opposing Tyranitar used <strong>Earthquake</strong>!<br></div><div class="battle-history">[Rotom's Levitate]<br><small>It doesn't affect Rotom...</small><br></div><div class="spacer battle-history"><br></div><div class="battle-history"><small>(The sandstorm is raging.)</small><br></div><div class="battle-history"><small>Rotom is buffeted by the sandstorm!</small><br></div><div class="battle-history"><small>Rotom restored a little HP using its Leftovers!</small><br></div><div class="spacer battle-history"><br></div><h2 class="battle-history">Turn 27</h2><div class="spacer battle-history"><br></div><div class="battle-history">CDR Cucumber withdrew Tyranitar!<br></div><div class="battle-history">CDR Cucumber sent out gardevoir (<strong>Hatterene</strong>)!<br></div><div class="spacer battle-history"><br></div><div class="battle-history">Rotom used <strong>Reflect</strong>!<br></div><div class="battle-history"><small>Reflect made your team stronger against physical moves!</small><br></div><div class="spacer battle-history"><br></div><div class="battle-history"><small>(The sandstorm is raging.)</small><br></div><div class="battle-history"><small>Rotom is buffeted by the sandstorm!</small><br></div><div class="battle-history"><small>The opposing gardevoir is buffeted by the sandstorm!</small><br></div><div class="battle-history"><small>Rotom restored a little HP using its Leftovers!</small><br></div><div class="battle-history"><small>The opposing gardevoir restored a little HP using its Leftovers!</small><br></div><div class="spacer battle-history"><br></div><h2 class="battle-history">Turn 28</h2><div class="spacer battle-history"><br></div><div class="battle-history">Rotom used <strong>Volt Switch</strong>!<br></div><div class="battle-history"><small>(The opposing gardevoir lost 24% of its health!)</small><br></div><div class="chat"><small> doctashockfan left</small></div><div class="spacer battle-history"><br></div><div class="battle-history">Rotom went back to conundromic!<br></div><div class="battle-history">Go! <strong>Dudunsparce</strong>!<br></div><div class="battle-history"><small>Pointed stones dug into Dudunsparce!</small><br></div><div class="spacer battle-history"><br></div><div class="battle-history">The opposing gardevoir used <strong>Draining Kiss</strong>!<br></div><div class="battle-history"><small>(Dudunsparce lost 21% of its health!)</small><br></div><div class="battle-history"><small>Dudunsparce had its energy drained!</small><br></div><div class="spacer battle-history"><br></div><div class="battle-history"><small>(The sandstorm is raging.)</small><br></div><div class="battle-history"><small>Dudunsparce is buffeted by the sandstorm!</small><br></div><div class="battle-history"><small>The opposing gardevoir is buffeted by the sandstorm!</small><br></div><div class="battle-history"><small>Dudunsparce restored a little HP using its Leftovers!</small><br></div><div class="battle-history"><small>The opposing gardevoir restored a little HP using its Leftovers!</small><br></div><div class="spacer battle-history"><br></div><h2 class="battle-history">Turn 29</h2><div class="spacer battle-history"><br></div><div class="battle-history">Dudunsparce used <strong>Body Slam</strong>!<br></div><div class="battle-history"><small>(The opposing gardevoir lost 30% of its health!)</small><br></div><div class="spacer battle-history"><br></div><div class="battle-history">The opposing gardevoir used <strong>Trick Room</strong>!<br></div><div class="battle-history"><small>The opposing gardevoir twisted the dimensions!</small><br></div><div class="spacer battle-history"><br></div><div class="battle-history"><small>The sandstorm subsided.</small><br></div><div class="battle-history"><small>The opposing gardevoir restored a little HP using its Leftovers!</small><br></div><div class="battle-history"><small>Dudunsparce restored a little HP using its Leftovers!</small><br></div><div class="spacer battle-history"><br></div><h2 class="battle-history">Turn 30</h2><div class="spacer battle-history"><br></div><div class="battle-history">CDR Cucumber withdrew gardevoir!<br></div><div class="battle-history">CDR Cucumber sent out great tusk (<strong>Ursaluna</strong>)!<br></div><div class="spacer battle-history"><br></div><div class="battle-history">Dudunsparce used <strong>Coil</strong>!<br></div><div class="battle-history"><small>Dudunsparce's Attack rose!</small><br></div><div class="battle-history"><small>Dudunsparce's Defense rose!</small><br></div><div class="battle-history"><small>Dudunsparce's accuracy rose!</small><br></div><div class="spacer battle-history"><br></div><div class="battle-history"><small>Dudunsparce restored a little HP using its Leftovers!</small><br></div><div class="battle-history"><small>The opposing great tusk was hurt by its burn!</small><br></div><div class="spacer battle-history"><br></div><h2 class="battle-history">Turn 31</h2><div class="spacer battle-history"><br></div><div class="battle-history"><small>Dudunsparce has Terastallized into the Ghost-type!</small><br></div><div class="spacer battle-history"><br></div><div class="battle-history">The opposing great tusk used <strong>Fling</strong>!<br></div><div class="battle-history"><small>It's super effective!</small><br></div><div class="battle-history"><small>(Dudunsparce lost 7% of its health!)</small><br></div><div class="battle-history"><small>Dudunsparce was burned!</small><br></div><div class="battle-history"><small>The opposing great tusk flung its Flame Orb!</small><br></div><div class="spacer battle-history"><br></div><div class="battle-history">Dudunsparce used <strong>Coil</strong>!<br></div><div class="battle-history"><small>Dudunsparce's Attack rose!</small><br></div><div class="battle-history"><small>Dudunsparce's Defense rose!</small><br></div><div class="battle-history"><small>Dudunsparce's accuracy rose!</small><br></div><div class="spacer battle-history"><br></div><div class="battle-history"><small>Dudunsparce restored a little HP using its Leftovers!</small><br></div><div class="battle-history"><small>The opposing great tusk was hurt by its burn!</small><br></div><div class="battle-history"><small>Dudunsparce was hurt by its burn!</small><br></div><div class="battle-history"><small>Your team's Reflect wore off!</small><br></div><div class="spacer battle-history"><br></div><h2 class="battle-history">Turn 32</h2><div class="spacer battle-history"><br></div><div class="battle-history">The opposing great tusk used <strong>Earthquake</strong>!<br></div><div class="battle-history"><small>(Dudunsparce lost 31% of its health!)</small><br></div><div class="spacer battle-history"><br></div><div class="battle-history">Dudunsparce used <strong>Coil</strong>!<br></div><div class="battle-history"><small>Dudunsparce's Attack rose!</small><br></div><div class="battle-history"><small>Dudunsparce's Defense rose!</small><br></div><div class="battle-history"><small>Dudunsparce's accuracy rose!</small><br></div><div class="spacer battle-history"><br></div><div class="battle-history"><small>Dudunsparce restored a little HP using its Leftovers!</small><br></div><div class="battle-history"><small>The opposing great tusk was hurt by its burn!</small><br></div><div class="battle-history"><small>Dudunsparce was hurt by its burn!</small><br></div><div class="spacer battle-history"><br></div><h2 class="battle-history">Turn 33</h2><div class="spacer battle-history"><br></div><div class="battle-history">CDR Cucumber withdrew great tusk!<br></div><div class="battle-history">CDR Cucumber sent out zapdos (<strong>Kilowattrel</strong>)!<br></div><div class="spacer battle-history"><br></div><div class="battle-history">Dudunsparce used <strong>Roost</strong>!<br></div><div class="battle-history"><small>Dudunsparce had its HP restored.</small><br></div><div class="spacer battle-history"><br></div><div class="battle-history"><small>Dudunsparce restored a little HP using its Leftovers!</small><br></div><div class="battle-history"><small>Dudunsparce was hurt by its burn!</small><br></div><div class="battle-history"><small>The twisted dimensions returned to normal!</small><br></div><div class="spacer battle-history"><br></div><h2 class="battle-history">Turn 34</h2><div class="spacer battle-history"><br></div><div class="battle-history">The opposing zapdos used <strong>Hurricane</strong>!<br></div><div class="battle-history"><small>(Dudunsparce lost 42% of its health!)</small><br></div><div class="spacer battle-history"><br></div><div class="battle-history">Dudunsparce used <strong>Dragon Tail</strong>!<br></div><div class="battle-history"><small>(The opposing zapdos lost 1% of its health!)</small><br></div><div class="spacer battle-history"><br></div><div class="battle-history">The opposing zapdos fainted!<br></div><div class="spacer battle-history"><br></div><div class="battle-history"><small>Dudunsparce restored a little HP using its Leftovers!</small><br></div><div class="battle-history"><small>Dudunsparce was hurt by its burn!</small><br></div><div class="spacer battle-history"><br></div><div class="battle-history">CDR Cucumber sent out <strong>Tyranitar</strong>!<br></div><div class="battle-history">[The opposing Tyranitar's Sand Stream]<br><small>A sandstorm kicked up!</small><br></div><div class="spacer battle-history"><br></div><h2 class="battle-history">Turn 35</h2><div class="spacer battle-history"><br></div><div class="battle-history">The opposing Tyranitar used <strong>Knock Off</strong>!<br></div><div class="battle-history"><small>It's super effective!</small><br></div><div class="battle-history"><small>(Dudunsparce lost 24% of its health!)</small><br></div><div class="battle-history"><small>The opposing Tyranitar knocked off Dudunsparce's Leftovers!</small><br></div><div class="spacer battle-history"><br></div><div class="battle-history">Dudunsparce used <strong>Roost</strong>!<br></div><div class="battle-history"><small>Dudunsparce had its HP restored.</small><br></div><div class="spacer battle-history"><br></div><div class="battle-history"><small>(The sandstorm is raging.)</small><br></div><div class="battle-history"><small>Dudunsparce is buffeted by the sandstorm!</small><br></div><div class="battle-history"><small>Dudunsparce was hurt by its burn!</small><br></div><div class="spacer battle-history"><br></div><h2 class="battle-history">Turn 36</h2><div class="spacer battle-history"><br></div><div class="battle-history">The opposing Tyranitar used <strong>Knock Off</strong>!<br></div><div class="battle-history"><small>It's super effective!</small><br></div><div class="battle-history"><small>(Dudunsparce lost 19% of its health!)</small><br></div><div class="spacer battle-history"><br></div><div class="battle-history">Dudunsparce used <strong>Coil</strong>!<br></div><div class="battle-history"><small>Dudunsparce's Attack rose!</small><br></div><div class="battle-history"><small>Dudunsparce's Defense rose!</small><br></div><div class="battle-history"><small>Dudunsparce's accuracy rose!</small><br></div><div class="spacer battle-history"><br></div><div class="battle-history"><small>(The sandstorm is raging.)</small><br></div><div class="battle-history"><small>Dudunsparce is buffeted by the sandstorm!</small><br></div><div class="battle-history"><small>Dudunsparce was hurt by its burn!</small><br></div><div class="spacer battle-history"><br></div><h2 class="battle-history">Turn 37</h2><div class="spacer battle-history"><br></div><div class="battle-history">The opposing Tyranitar used <strong>Knock Off</strong>!<br></div><div class="battle-history"><small>It's super effective!</small><br></div><div class="battle-history"><small>(Dudunsparce lost 14% of its health!)</small><br></div><div class="spacer battle-history"><br></div><div class="battle-history">Dudunsparce used <strong>Roost</strong>!<br></div><div class="battle-history"><small>Dudunsparce had its HP restored.</small><br></div><div class="spacer battle-history"><br></div><div class="battle-history"><small>(The sandstorm is raging.)</small><br></div><div class="battle-history"><small>Dudunsparce is buffeted by the sandstorm!</small><br></div><div class="battle-history"><small>Dudunsparce was hurt by its burn!</small><br></div><div class="spacer battle-history"><br></div><h2 class="battle-history">Turn 38</h2><div class="spacer battle-history"><br></div><div class="battle-history">The opposing Tyranitar used <strong>Knock Off</strong>!<br></div><div class="battle-history"><small>It's super effective!</small><br></div><div class="battle-history"><small>(Dudunsparce lost 13% of its health!)</small><br></div><div class="spacer battle-history"><br></div><div class="battle-history">Dudunsparce used <strong>Roost</strong>!<br></div><div class="battle-history"><small>Dudunsparce had its HP restored.</small><br></div><div class="spacer battle-history"><br></div><div class="battle-history"><small>(The sandstorm is raging.)</small><br></div><div class="battle-history"><small>Dudunsparce is buffeted by the sandstorm!</small><br></div><div class="battle-history"><small>Dudunsparce was hurt by its burn!</small><br></div><div class="spacer battle-history"><br></div><h2 class="battle-history">Turn 39</h2><div class="spacer battle-history"><br></div><div class="battle-history">The opposing Tyranitar used <strong>Knock Off</strong>!<br></div><div class="battle-history"><small>It's super effective!</small><br></div><div class="battle-history"><small>(Dudunsparce lost 14% of its health!)</small><br></div><div class="spacer battle-history"><br></div><div class="battle-history">Dudunsparce used <strong>Coil</strong>!<br></div><div class="battle-history"><small>Dudunsparce's Attack rose!</small><br></div><div class="battle-history"><small>Dudunsparce's Defense rose!</small><br></div><div class="battle-history"><small>Dudunsparce's accuracy rose!</small><br></div><div class="spacer battle-history"><br></div><div class="battle-history"><small>The sandstorm subsided.</small><br></div><div class="battle-history"><small>Dudunsparce was hurt by its burn!</small><br></div><div class="spacer battle-history"><br></div><h2 class="battle-history">Turn 40</h2><div class="spacer battle-history"><br></div><div class="battle-history">The opposing Tyranitar used <strong>Knock Off</strong>!<br></div><div class="battle-history"><small>It's super effective!</small><br></div><div class="battle-history"><small>(Dudunsparce lost 14% of its health!)</small><br></div><div class="spacer battle-history"><br></div><div class="battle-history">Dudunsparce used <strong>Coil</strong>!<br></div><div class="battle-history"><small>Dudunsparce's Attack rose!</small><br></div><div class="battle-history"><small>Dudunsparce's Defense rose!</small><br></div><div class="battle-history"><small>Dudunsparce's accuracy rose!</small><br></div><div class="spacer battle-history"><br></div><div class="battle-history"><small>Dudunsparce was hurt by its burn!</small><br></div><div class="spacer battle-history"><br></div><h2 class="battle-history">Turn 41</h2><div class="spacer battle-history"><br></div><div class="battle-history">The opposing Tyranitar used <strong>Knock Off</strong>!<br></div><div class="battle-history"><small>It's super effective!</small><br></div><div class="battle-history"><small>(Dudunsparce lost 11% of its health!)</small><br></div><div class="spacer battle-history"><br></div><div class="battle-history">Dudunsparce used <strong>Roost</strong>!<br></div><div class="battle-history"><small>Dudunsparce had its HP restored.</small><br></div><div class="spacer battle-history"><br></div><div class="battle-history"><small>Dudunsparce was hurt by its burn!</small><br></div><div class="spacer battle-history"><br></div><h2 class="battle-history">Turn 42</h2><div class="spacer battle-history"><br></div><div class="battle-history">The opposing Tyranitar used <strong>Knock Off</strong>!<br></div><div class="battle-history"><small>It's super effective!</small><br></div><div class="battle-history"><small>(Dudunsparce lost 11% of its health!)</small><br></div><div class="spacer battle-history"><br></div><div class="battle-history">Dudunsparce used <strong>Body Slam</strong>!<br></div><div class="battle-history"><small>It's not very effective...</small><br></div><div class="battle-history"><small>(The opposing Tyranitar lost 23% of its health!)</small><br></div><div class="battle-history"><small>The opposing Tyranitar is paralyzed! It may be unable to move!</small><br></div><div class="spacer battle-history"><br></div><div class="battle-history"><small>Dudunsparce was hurt by its burn!</small><br></div><div class="spacer battle-history"><br></div><h2 class="battle-history">Turn 43</h2><div class="spacer battle-history"><br></div><div class="battle-history">Dudunsparce used <strong>Roost</strong>!<br></div><div class="battle-history"><small>Dudunsparce had its HP restored.</small><br></div><div class="spacer battle-history"><br></div><div class="battle-history">The opposing Tyranitar used <strong>Knock Off</strong>!<br></div><div class="battle-history"><small>It's super effective!</small><br></div><div class="battle-history"><small>(Dudunsparce lost 11% of its health!)</small><br></div><div class="spacer battle-history"><br></div><div class="battle-history"><small>Dudunsparce was hurt by its burn!</small><br></div><div class="spacer battle-history"><br></div><h2 class="battle-history">Turn 44</h2><div class="spacer battle-history"><br></div><div class="battle-history">Dudunsparce used <strong>Body Slam</strong>!<br></div><div class="battle-history"><small>It's not very effective...</small><br></div><div class="battle-history"><small>A critical hit!</small><br></div><div class="battle-history"><small>(The opposing Tyranitar lost 37% of its health!)</small><br></div><div class="spacer battle-history"><br></div><div class="battle-history">The opposing Tyranitar is paralyzed! It can't move!<br></div><div class="spacer battle-history"><br></div><div class="battle-history"><small>Dudunsparce was hurt by its burn!</small><br></div><div class="spacer battle-history"><br></div><h2 class="battle-history">Turn 45</h2><div class="spacer battle-history"><br></div><div class="battle-history">Dudunsparce used <strong>Body Slam</strong>!<br></div><div class="battle-history"><small>It's not very effective...</small><br></div><div class="battle-history"><small>(The opposing Tyranitar lost 21% of its health!)</small><br></div><div class="spacer battle-history"><br></div><div class="battle-history">The opposing Tyranitar fainted!<br></div><div class="spacer battle-history"><br></div><div class="battle-history"><small>Dudunsparce was hurt by its burn!</small><br></div><div class="spacer battle-history"><br></div><div class="battle-history">CDR Cucumber sent out great tusk (<strong>Ursaluna</strong>)!<br></div><div class="spacer battle-history"><br></div><h2 class="battle-history">Turn 46</h2><div class="spacer battle-history"><br></div><div class="battle-history">Dudunsparce used <strong>Body Slam</strong>!<br></div><div class="battle-history"><small>(The opposing great tusk lost 44% of its health!)</small><br></div><div class="spacer battle-history"><br></div><div class="battle-history">The opposing great tusk used <strong>Earthquake</strong>!<br></div><div class="battle-history"><small>(Dudunsparce lost 16% of its health!)</small><br></div><div class="spacer battle-history"><br></div><div class="battle-history"><small>Dudunsparce was hurt by its burn!</small><br></div><div class="battle-history"><small>The opposing great tusk was hurt by its burn!</small><br></div><div class="spacer battle-history"><br></div><h2 class="battle-history">Turn 47</h2><div class="spacer battle-history"><br></div><div class="battle-history">Dudunsparce used <strong>Body Slam</strong>!<br></div><div class="battle-history"><small>(The opposing great tusk lost 32% of its health!)</small><br></div><div class="spacer battle-history"><br></div><div class="battle-history">The opposing great tusk fainted!<br></div><div class="spacer battle-history"><br></div><div class="battle-history"><small>Dudunsparce was hurt by its burn!</small><br></div><div class="spacer battle-history"><br></div><div class="battle-history">CDR Cucumber sent out meowscarada (<strong>Mienshao</strong>)!<br></div><div class="spacer battle-history"><br></div><h2 class="battle-history">Turn 48</h2><div class="spacer battle-history"><br></div><div class="battle-history">The opposing meowscarada used <strong>Triple Axel</strong>!<br></div><div class="battle-history"><small>(Dudunsparce lost 2% of its health!)</small><br></div><div class="battle-history"><small>(Dudunsparce lost 4% of its health!)</small><br></div><div class="battle-history"><small>(Dudunsparce lost 4% of its health!)</small><br></div><div class="battle-history"><small>The Pokémon was hit 3 times!</small><br></div><div class="battle-history"><small>The opposing meowscarada lost some of its HP!</small><br></div><div class="spacer battle-history"><br></div><div class="battle-history">Dudunsparce used <strong>Body Slam</strong>!<br></div><div class="battle-history"><small>(The opposing meowscarada lost 91% of its health!)</small><br></div><div class="spacer battle-history"><br></div><div class="battle-history">The opposing meowscarada fainted!<br></div><div class="spacer battle-history"><br></div><div class="battle-history"><small>Dudunsparce was hurt by its burn!</small><br></div><div class="spacer battle-history"><br></div><div class="battle-history">CDR Cucumber sent out gardevoir (<strong>Hatterene</strong>)!<br></div><div class="spacer battle-history"><br></div><h2 class="battle-history">Turn 49</h2><div class="spacer battle-history"><br></div><div class="battle-history">Dudunsparce used <strong>Roost</strong>!<br></div><div class="battle-history"><small>Dudunsparce had its HP restored.</small><br></div><div class="spacer battle-history"><br></div><div class="battle-history">The opposing gardevoir used <strong>Psychic Noise</strong>!<br></div><div class="battle-history"><small>(Dudunsparce lost 31% of its health!)</small><br></div><div class="battle-history"><small>Dudunsparce was prevented from healing!</small><br></div><div class="spacer battle-history"><br></div><div class="battle-history"><small>The opposing gardevoir restored a little HP using its Leftovers!</small><br></div><div class="battle-history"><small>Dudunsparce was hurt by its burn!</small><br></div><div class="spacer battle-history"><br></div><h2 class="battle-history">Turn 50</h2><div class="spacer battle-history"><br></div><div class="battle-history">Dudunsparce used <strong>Body Slam</strong>!<br></div><div class="battle-history"><small>(The opposing gardevoir lost 52% of its health!)</small><br></div><div class="battle-history"><small>The opposing gardevoir is paralyzed! It may be unable to move!</small><br></div><div class="spacer battle-history"><br></div><div class="battle-history">The opposing gardevoir used <strong>Dazzling Gleam</strong>!<br></div><div class="battle-history"><small>(Dudunsparce lost 32% of its health!)</small><br></div><div class="spacer battle-history"><br></div><div class="battle-history"><small>The opposing gardevoir restored a little HP using its Leftovers!</small><br></div><div class="battle-history"><small>Dudunsparce was hurt by its burn!</small><br></div><div class="spacer battle-history"><br></div><div class="battle-history">Dudunsparce fainted!<br></div><div class="chat chatmessage-cdrcucumber"><strong style="color:#109874"><small>☆</small><span class="username" data-name="CDR Cucumber">CDR Cucumber</span>:</strong> <em>ok status moves only</em></div><div class="spacer battle-history"><br></div><div class="battle-history">Go! <strong>Weavile</strong>!<br></div><div class="battle-history"><small>Pointed stones dug into Weavile!</small><br></div><div class="battle-history">[Weavile's Pressure]<br><small>Weavile is exerting its pressure!</small><br></div><div class="spacer battle-history"><br></div><h2 class="battle-history">Turn 51</h2><div class="spacer battle-history"><br></div><div class="battle-history">Weavile used <strong>Knock Off</strong>!<br></div><div class="battle-history"><small>(The opposing gardevoir lost 29% of its health!)</small><br></div><div class="battle-history"><small>Weavile knocked off the opposing gardevoir's Leftovers!</small><br></div><div class="spacer battle-history"><br></div><div class="battle-history">The opposing gardevoir fainted!<br></div><div class="spacer battle-history"><br></div><div class="battle-history"><strong>conundromic</strong> won the battle!<br></div><div class="chat chatmessage-conundromic"><strong style="color:#2d8875"><small>☆</small><span class="username" data-name="conundromic">conundromic</span>:</strong> <em>gg</em></div><div class="chat chatmessage-cdrcucumber"><strong style="color:#109874"><small>☆</small><span class="username" data-name="CDR Cucumber">CDR Cucumber</span>:</strong> <em>:/</em></div><div class="chat chatmessage-conundromic"><strong style="color:#2d8875"><small>☆</small><span class="username" data-name="conundromic">conundromic</span>:</strong> <em>the flame orb fling is hilarious</em></div><div class="chat chatmessage-conundromic"><strong style="color:#2d8875"><small>☆</small><span class="username" data-name="conundromic">conundromic</span>:</strong> <em>its actually really good tech</em></div><div class="chat chatmessage-cdrcucumber"><strong style="color:#109874"><small>☆</small><span class="username" data-name="CDR Cucumber">CDR Cucumber</span>:</strong> <em>ive been waiting all season for that one</em></div><div class="chat chatmessage-conundromic"><strong style="color:#2d8875"><small>☆</small><span class="username" data-name="conundromic">conundromic</span>:</strong> <em>i got the replay</em></div><div class="chat chatmessage-cdrcucumber"><strong style="color:#109874"><small>☆</small><span class="username" data-name="CDR Cucumber">CDR Cucumber</span>:</strong> <em>ty</em></div><div class="chat chatmessage-conundromic"><strong style="color:#2d8875"><small>☆</small><span class="username" data-name="conundromic">conundromic</span>:</strong> <em>we prepped so hard for the trick room ursaluna</em></div><div class="chat chatmessage-conundromic"><strong style="color:#2d8875"><small>☆</small><span class="username" data-name="conundromic">conundromic</span>:</strong> <em>though</em></div><div class="chat chatmessage-conundromic"><strong style="color:#2d8875"><small>☆</small><span class="username" data-name="conundromic">conundromic</span>:</strong> <em>it was super scary</em></div><div class="chat chatmessage-conundromic"><strong style="color:#2d8875"><small>☆</small><span class="username" data-name="conundromic">conundromic</span>:</strong> <em>our team kinda has no ursaluna switchins</em></div><div class="chat chatmessage-cdrcucumber"><strong style="color:#109874"><small>☆</small><span class="username" data-name="CDR Cucumber">CDR Cucumber</span>:</strong> <em>you have two, it just depends which move i use</em></div><div class="chat chatmessage-conundromic"><strong style="color:#2d8875"><small>☆</small><span class="username" data-name="conundromic">conundromic</span>:</strong> <em>well yeah</em></div><div class="chat chatmessage-cdrcucumber"><strong style="color:#109874"><small>☆</small><span class="username" data-name="CDR Cucumber">CDR Cucumber</span>:</strong> <em>i got hella outmaneuvered</em></div><div class="chat chatmessage-conundromic"><strong style="color:#2d8875"><small>☆</small><span class="username" data-name="conundromic">conundromic</span>:</strong> <em>in either case in trick room we have to get every turn right or else we lose</em></div><div class="chat chatmessage-cdrcucumber"><strong style="color:#109874"><small>☆</small><span class="username" data-name="CDR Cucumber">CDR Cucumber</span>:</strong> <em>i didnt have any solutions</em></div><div class="chat"><small> imred65 left</small></div><div class="chat chatmessage-cdrcucumber"><strong style="color:#109874"><small>☆</small><span class="username" data-name="CDR Cucumber">CDR Cucumber</span>:</strong> <em>are you scarf weavile</em></div><div class="chat chatmessage-conundromic"><strong style="color:#2d8875"><small>☆</small><span class="username" data-name="conundromic">conundromic</span>:</strong> <em>i think in general its a really tough matchup for you though</em></div><div class="chat chatmessage-cdrcucumber"><strong style="color:#109874"><small>☆</small><span class="username" data-name="CDR Cucumber">CDR Cucumber</span>:</strong> <em>it was so hard to prep for</em></div><div class="chat chatmessage-conundromic"><strong style="color:#2d8875"><small>☆</small><span class="username" data-name="conundromic">conundromic</span>:</strong> <em>the mocks that I did went really well</em></div><div class="chat chatmessage-conundromic"><strong style="color:#2d8875"><small>☆</small><span class="username" data-name="conundromic">conundromic</span>:</strong> <em>we were band</em></div><div class="chat chatmessage-cdrcucumber"><strong style="color:#109874"><small>☆</small><span class="username" data-name="CDR Cucumber">CDR Cucumber</span>:</strong> <em>damn</em></div><div class="chat chatmessage-cdrcucumber"><strong style="color:#109874"><small>☆</small><span class="username" data-name="CDR Cucumber">CDR Cucumber</span>:</strong> <em>i didnt bring the cat</em></div><div class="chat chatmessage-cdrcucumber"><strong style="color:#109874"><small>☆</small><span class="username" data-name="CDR Cucumber">CDR Cucumber</span>:</strong> <em>bc of that</em></div><div class="chat chatmessage-conundromic"><strong style="color:#2d8875"><small>☆</small><span class="username" data-name="conundromic">conundromic</span>:</strong> <em>i thought about it for the meow</em></div><div class="chat chatmessage-conundromic"><strong style="color:#2d8875"><small>☆</small><span class="username" data-name="conundromic">conundromic</span>:</strong> <em>yea</em></div><div class="chat chatmessage-conundromic"><strong style="color:#2d8875"><small>☆</small><span class="username" data-name="conundromic">conundromic</span>:</strong> <em>but i think meow kinda sucks this week</em></div><div class="chat chatmessage-cdrcucumber"><strong style="color:#109874"><small>☆</small><span class="username" data-name="CDR Cucumber">CDR Cucumber</span>:</strong> <em>flower trick would have been nice here</em></div><div class="chat chatmessage-conundromic"><strong style="color:#2d8875"><small>☆</small><span class="username" data-name="conundromic">conundromic</span>:</strong> <em>the only meow set that was good was trick scarf i think</em></div><div class="chat chatmessage-conundromic"><strong style="color:#2d8875"><small>☆</small><span class="username" data-name="conundromic">conundromic</span>:</strong> <em>because none of our mons really like being scarfed</em></div><div class="chat chatmessage-conundromic"><strong style="color:#2d8875"><small>☆</small><span class="username" data-name="conundromic">conundromic</span>:</strong> <em>flower trick would have been good too</em></div><div class="chat chatmessage-cdrcucumber"><strong style="color:#109874"><small>☆</small><span class="username" data-name="CDR Cucumber">CDR Cucumber</span>:</strong> <em>well, i was scared of scarf on a few things</em></div><div class="chat chatmessage-cdrcucumber"><strong style="color:#109874"><small>☆</small><span class="username" data-name="CDR Cucumber">CDR Cucumber</span>:</strong> <em>but trick locks me into psychic which is weird</em></div><div class="chat chatmessage-conundromic"><strong style="color:#2d8875"><small>☆</small><span class="username" data-name="conundromic">conundromic</span>:</strong> <em>also true</em></div><div class="chat chatmessage-cdrcucumber"><strong style="color:#109874"><small>☆</small><span class="username" data-name="CDR Cucumber">CDR Cucumber</span>:</strong> <em>but i guess i just switch</em></div><div class="chat chatmessage-conundromic"><strong style="color:#2d8875"><small>☆</small><span class="username" data-name="conundromic">conundromic</span>:</strong> <em>you can u-turn out yea</em></div><div class="chat"><small> foodss joined</small></div><div class="chat chatmessage-cdrcucumber"><strong style="color:#109874"><small>☆</small><span class="username" data-name="CDR Cucumber">CDR Cucumber</span>:</strong> <em>my cat dilemma is he wants too many moves</em></div><div class="chat chatmessage-conundromic"><strong style="color:#2d8875"><small>☆</small><span class="username" data-name="conundromic">conundromic</span>:</strong> <em>yeah</em></div><div class="chat chatmessage-cdrcucumber"><strong style="color:#109874"><small>☆</small><span class="username" data-name="CDR Cucumber">CDR Cucumber</span>:</strong> <em>i didnt bring the lamp bc everything felt too fast but it wouldve been good here</em></div><div class="chat chatmessage-conundromic"><strong style="color:#2d8875"><small>☆</small><span class="username" data-name="conundromic">conundromic</span>:</strong> <em>i was also quite scared of chandeulure</em></div><div class="chat chatmessage-cdrcucumber"><strong style="color:#109874"><small>☆</small><span class="username" data-name="CDR Cucumber">CDR Cucumber</span>:</strong> <em>im so embarrased about first 8 turns or whatever</em></div><div class="chat chatmessage-cdrcucumber"><strong style="color:#109874"><small>☆</small><span class="username" data-name="CDR Cucumber">CDR Cucumber</span>:</strong> <em>bamboozled</em></div><div class="chat"><small> serendipidu left</small></div><div class="chat chatmessage-cdrcucumber"><strong style="color:#109874"><small>☆</small><span class="username" data-name="CDR Cucumber">CDR Cucumber</span>:</strong> <em>i even have earthquake</em></div><div class="chat chatmessage-conundromic"><strong style="color:#2d8875"><small>☆</small><span class="username" data-name="conundromic">conundromic</span>:</strong> <em>goodra cooks</em></div><div class="chat chatmessage-cdrcucumber"><strong style="color:#109874"><small>☆</small><span class="username" data-name="CDR Cucumber">CDR Cucumber</span>:</strong> <em>i jsut</em></div><div class="chat chatmessage-cdrcucumber"><strong style="color:#109874"><small>☆</small><span class="username" data-name="CDR Cucumber">CDR Cucumber</span>:</strong> <em>was like "oh he switch to rotom"</em></div><div class="chat chatmessage-cdrcucumber"><strong style="color:#109874"><small>☆</small><span class="username" data-name="CDR Cucumber">CDR Cucumber</span>:</strong> <em>so</em></div><div class="chat chatmessage-conundromic"><strong style="color:#2d8875"><small>☆</small><span class="username" data-name="conundromic">conundromic</span>:</strong> <em>i was looking at the standings and there were 9 teams at 3-1 before this week lol</em></div><div class="chat chatmessage-conundromic"><strong style="color:#2d8875"><small>☆</small><span class="username" data-name="conundromic">conundromic</span>:</strong> <em>which is crazy tbh</em></div><div class="chat chatmessage-cdrcucumber"><strong style="color:#109874"><small>☆</small><span class="username" data-name="CDR Cucumber">CDR Cucumber</span>:</strong> <em>last week isnt even in</em></div><div class="chat chatmessage-cdrcucumber"><strong style="color:#109874"><small>☆</small><span class="username" data-name="CDR Cucumber">CDR Cucumber</span>:</strong> <em>we got a lotta 4-1</em></div><div class="chat chatmessage-cdrcucumber"><strong style="color:#109874"><small>☆</small><span class="username" data-name="CDR Cucumber">CDR Cucumber</span>:</strong> <em>now im 4-2 :(</em></div><div class="chat chatmessage-conundromic"><strong style="color:#2d8875"><small>☆</small><span class="username" data-name="conundromic">conundromic</span>:</strong> <em>ooh i didnt notice</em></div><div class="chat chatmessage-conundromic"><strong style="color:#2d8875"><small>☆</small><span class="username" data-name="conundromic">conundromic</span>:</strong> <em>4-2 is still really good</em></div><div class="chat chatmessage-cdrcucumber"><strong style="color:#109874"><small>☆</small><span class="username" data-name="CDR Cucumber">CDR Cucumber</span>:</strong> <em>yeah</em></div><div class="chat chatmessage-cdrcucumber"><strong style="color:#109874"><small>☆</small><span class="username" data-name="CDR Cucumber">CDR Cucumber</span>:</strong> <em>i think</em></div><div class="chat chatmessage-cdrcucumber"><strong style="color:#109874"><small>☆</small><span class="username" data-name="CDR Cucumber">CDR Cucumber</span>:</strong> <em>your prep was hardest so far</em></div><div class="chat chatmessage-cdrcucumber"><strong style="color:#109874"><small>☆</small><span class="username" data-name="CDR Cucumber">CDR Cucumber</span>:</strong> <em>i have still good chances moving forward</em></div><div class="chat chatmessage-cdrcucumber"><strong style="color:#109874"><small>☆</small><span class="username" data-name="CDR Cucumber">CDR Cucumber</span>:</strong> <em>kilowattrel kinda sucks tho so i gotta decide if i keep tera there</em></div><div class="chat chatmessage-conundromic"><strong style="color:#2d8875"><small>☆</small><span class="username" data-name="conundromic">conundromic</span>:</strong> <em>yeah you should make playoffs</em></div></div><div class="inner-preempt message-log"></div></div></div>
</div>
<script>
let daily = Math.floor(Date.now()/1000/60/60/24);document.write('<script src="https://play.pokemonshowdown.com/js/replay-embed.js?version'+daily+'"></'+'script>');
</script>
