<!DOCTYPE html>
<meta charset="utf-8" />
<!-- version 1 -->
<title>[Gen 9] NatDex Draft replay: blader1176 vs. ReliantColey</title>
<style>
html,body {font-family:Verdana, sans-serif;font-size:10pt;margin:0;padding:0;}body{padding:12px 0;} .battle-log {font-family:Verdana, sans-serif;font-size:10pt;} .battle-log-inline {border:1px solid #AAAAAA;background:#EEF2F5;color:black;max-width:640px;margin:0 auto 80px;padding-bottom:5px;} .battle-log .inner {padding:4px 8px 0px 8px;} .battle-log .inner-preempt {padding:0 8px 4px 8px;} .battle-log .inner-after {margin-top:0.5em;} .battle-log h2 {margin:0.5em -8px;padding:4px 8px;border:1px solid #AAAAAA;background:#E0E7EA;border-left:0;border-right:0;font-family:Verdana, sans-serif;font-size:13pt;} .battle-log .chat {vertical-align:middle;padding:3px 0 3px 0;font-size:8pt;} .battle-log .chat strong {color:#40576A;} .battle-log .chat em {padding:1px 4px 1px 3px;color:#000000;font-style:normal;} .chat.mine {background:rgba(0,0,0,0.05);margin-left:-8px;margin-right:-8px;padding-left:8px;padding-right:8px;} .spoiler {color:#BBBBBB;background:#BBBBBB;padding:0px 3px;} .spoiler:hover, .spoiler:active, .spoiler-shown {color:#000000;background:#E2E2E2;padding:0px 3px;} .spoiler a {color:#BBBBBB;} .spoiler:hover a, .spoiler:active a, .spoiler-shown a {color:#2288CC;} .chat code, .chat .spoiler:hover code, .chat .spoiler:active code, .chat .spoiler-shown code {border:1px solid #C0C0C0;background:#EEEEEE;color:black;padding:0 2px;} .chat .spoiler code {border:1px solid #CCCCCC;background:#CCCCCC;color:#CCCCCC;} .battle-log .rated {padding:3px 4px;} .battle-log .rated strong {color:white;background:#89A;padding:1px 4px;border-radius:4px;} .spacer {margin-top:0.5em;} .message-announce {background:#6688AA;color:white;padding:1px 4px 2px;} .message-announce a, .broadcast-green a, .broadcast-blue a, .broadcast-red a {color:#DDEEFF;} .broadcast-green {background-color:#559955;color:white;padding:2px 4px;} .broadcast-blue {background-color:#6688AA;color:white;padding:2px 4px;} .infobox {border:1px solid #6688AA;padding:2px 4px;} .infobox-limited {max-height:200px;overflow:auto;overflow-x:hidden;} .broadcast-red {background-color:#AA5544;color:white;padding:2px 4px;} .message-learn-canlearn {font-weight:bold;color:#228822;text-decoration:underline;} .message-learn-cannotlearn {font-weight:bold;color:#CC2222;text-decoration:underline;} .message-effect-weak {font-weight:bold;color:#CC2222;} .message-effect-resist {font-weight:bold;color:#6688AA;} .message-effect-immune {font-weight:bold;color:#666666;} .message-learn-list {margin-top:0;margin-bottom:0;} .message-throttle-notice, .message-error {color:#992222;} .message-overflow, .chat small.message-overflow {font-size:0pt;} .message-overflow::before {font-size:9pt;content:'...';} .subtle {color:#3A4A66;}
</style>
<div class="wrapper replay-wrapper" style="max-width:1180px;margin:0 auto">
<input type="hidden" name="replayid" value="gen9natdexdraft-2428743205" />
<div class="battle"></div><div class="battle-log"></div><div class="replay-controls"></div><div class="replay-controls-2"></div>
<h1 style="font-weight:normal;text-align:center"><strong>[Gen 9] NatDex Draft</strong><br /><a href="http://pokemonshowdown.com/users/blader1176" class="subtle" target="_blank">blader1176</a> vs. <a href="http://pokemonshowdown.com/users/reliantcoley" class="subtle" target="_blank">ReliantColey</a></h1>
<script type="text/plain" class="battle-log-data">
|j|☆blader1176
|j|☆ReliantColey
|t:|1756178960
|gametype|singles
|player|p1|blader1176|pilot|
|player|p2|ReliantColey|grimsley|
|gen|9
|tier|[Gen 9] NatDex Draft
|rule|Tera Type Preview: Tera Types are shown at Team Preview
|rule|Sleep Clause Mod: Limit one foe put to sleep
|rule|OHKO Clause: OHKO moves are banned
|rule|Evasion Clause: Evasion abilities, items, and moves are banned
|rule|Evasion Abilities Clause: Evasion abilities are banned
|rule|Evasion Items Clause: Evasion items are banned
|rule|Evasion Moves Clause: Evasion moves are banned
|rule|Endless Battle Clause: Forcing endless battles is banned
|rule|HP Percentage Mod: HP is shown in percentages
|raw|<div class="infobox"><details class="readmore" open><summary><strong>1 custom rule:<\/strong><\/summary> Tera Type Preview<\/details><\/div>
|clearpoke
|poke|p1|Rayquaza|
|poke|p1|Giratina|
|poke|p1|Palafin, F|
|poke|p1|Gardevoir, F|
|poke|p1|Weavile, F|
|poke|p1|Kartana|
|poke|p2|Corviknight, M|
|poke|p2|Quagsire, M|
|poke|p2|Slowking-Galar, F|
|poke|p2|Cobalion|
|poke|p2|Dragapult, F|
|poke|p2|Zekrom|
|raw|blader1176's Tera Types:<br \/><psicon pokemon="rayquaza" \/><psicon type="Flying" \/> \/ <psicon pokemon="giratina" \/><psicon type="Fairy" \/> \/ <psicon pokemon="palafin" \/><psicon type="Water" \/> \/ <psicon pokemon="gardevoir" \/><psicon type="Psychic" \/> \/ <psicon pokemon="weavile" \/><psicon type="Ice" \/> \/ <psicon pokemon="kartana" \/><psicon type="Grass" \/>
|raw|ReliantColey's Tera Types:<br \/><psicon pokemon="corviknight" \/><psicon type="Flying" \/> \/ <psicon pokemon="quagsire" \/><psicon type="Water" \/> \/ <psicon pokemon="slowkinggalar" \/><psicon type="Poison" \/> \/ <psicon pokemon="cobalion" \/><psicon type="Ghost" \/> \/ <psicon pokemon="dragapult" \/><psicon type="Dragon" \/> \/ <psicon pokemon="zekrom" \/><psicon type="Dragon" \/>
|teampreview
|j| Bunnnies
|j| Crown Oji
|c| Bunnnies|battling during another battle?
|c| Bunnnies|illegal
|c|☆blader1176|this is the only one that matters
|j| Phantom0rion
|j| ChillerFrost
|c|☆ReliantColey|use both eyes
|c|☆blader1176|^
|j| DoctaShock
|
|t:|1756179088
|teamsize|p1|6
|teamsize|p2|6
|start
|switch|p1a: Giratina|Giratina, shiny|100\/100
|switch|p2a: Cobalion|Cobalion|100\/100
|-ability|p1a: Giratina|Pressure
|turn|1
|c|☆blader1176|!servertime
|c| blader1176|\/raw <div class="infobox">Server time: <b>8\/26\/2025, 3:31:34 AM<\/b><\/div>
|c|☆blader1176|glhf
|
|t:|1756179122
|move|p2a: Cobalion|Stealth Rock|p1a: Giratina
|-sidestart|p1: blader1176|move: Stealth Rock
|move|p1a: Giratina|Will-O-Wisp|p2a: Cobalion
|-status|p2a: Cobalion|brn
|
|-damage|p2a: Cobalion|94\/100 brn|[from] brn
|upkeep
|turn|2
|j| serendipidu
|j| Plnbnkkol
|c|☆ReliantColey|u2!
|
|t:|1756179141
|move|p2a: Cobalion|Taunt|p1a: Giratina
|-start|p1a: Giratina|move: Taunt
|move|p1a: Giratina|Hex|p2a: Cobalion
|-damage|p2a: Cobalion|5\/100 brn
|
|-damage|p2a: Cobalion|0 fnt|[from] brn
|faint|p2a: Cobalion
|upkeep
|j| tomkeap
|
|t:|1756179172
|switch|p2a: Dragapult|Dragapult, F|100\/100
|turn|3
|
|t:|1756179180
|move|p2a: Dragapult|Shadow Ball|p1a: Giratina
|-supereffective|p1a: Giratina
|-damage|p1a: Giratina|26\/100
|move|p1a: Giratina|Draco Meteor|p2a: Dragapult
|-supereffective|p2a: Dragapult
|-damage|p2a: Dragapult|0 fnt
|-unboost|p1a: Giratina|spa|2
|faint|p2a: Dragapult
|
|upkeep
|
|t:|1756179194
|switch|p2a: Zekrom|Zekrom|100\/100
|-ability|p2a: Zekrom|Teravolt
|turn|4
|
|t:|1756179214
|move|p1a: Giratina|Shadow Sneak|p2a: Zekrom
|-damage|p2a: Zekrom|86\/100
|move|p2a: Zekrom|Volt Switch|p1a: Giratina
|-resisted|p1a: Giratina
|-damage|p1a: Giratina|17\/100
|
|t:|1756179230
|switch|p2a: Slowking|Slowking-Galar, F|100\/100|[from] Volt Switch
|
|-end|p1a: Giratina|move: Taunt
|upkeep
|turn|5
|
|t:|1756179239
|move|p1a: Giratina|Will-O-Wisp|p2a: Slowking|[miss]
|-miss|p1a: Giratina|p2a: Slowking
|move|p2a: Slowking|Future Sight|p1a: Giratina
|-start|p2a: Slowking|move: Future Sight
|
|upkeep
|turn|6
|
|t:|1756179271
|move|p1a: Giratina|Will-O-Wisp|p2a: Slowking
|-status|p2a: Slowking|brn
|move|p2a: Slowking|Sludge Bomb|p1a: Giratina
|-resisted|p1a: Giratina
|-damage|p1a: Giratina|6\/100
|
|-damage|p2a: Slowking|94\/100 brn|[from] brn
|upkeep
|turn|7
|j| Conundromic
|
|t:|1756179284
|move|p1a: Giratina|Hex|p2a: Slowking
|-supereffective|p2a: Slowking
|-damage|p2a: Slowking|63\/100 brn
|move|p2a: Slowking|Ice Beam|p1a: Giratina
|-supereffective|p1a: Giratina
|-damage|p1a: Giratina|0 fnt
|faint|p1a: Giratina
|
|-hint|Future Sight did not hit because the target is fainted.
|-damage|p2a: Slowking|57\/100 brn|[from] brn
|upkeep
|
|t:|1756179331
|switch|p1a: Palafin|Palafin, F|100\/100
|-damage|p1a: Palafin|88\/100|[from] Stealth Rock
|turn|8
|
|t:|1756179360
|switch|p2a: Corviknight|Corviknight, M|100\/100
|-ability|p2a: Corviknight|Unnerve
|move|p1a: Palafin|Flip Turn|p2a: Corviknight
|-damage|p2a: Corviknight|81\/100
|
|t:|1756179375
|detailschange|p1a: Palafin|Palafin-Hero, F
|switch|p1a: Gardevoir|Gardevoir, F|100\/100|[from] Flip Turn
|-damage|p1a: Gardevoir|88\/100|[from] Stealth Rock
|-ability|p1a: Gardevoir|Unnerve|Trace|[from] ability: Trace|[of] p2a: Corviknight
|-ability|p1a: Gardevoir|Unnerve
|
|upkeep
|turn|9
|
|t:|1756179391
|switch|p2a: Slowking|Slowking-Galar, F|91\/100 brn
|detailschange|p1a: Gardevoir|Gardevoir-Mega, F
|-mega|p1a: Gardevoir|Gardevoir|Gardevoirite
|move|p1a: Gardevoir|Will-O-Wisp|p2a: Slowking
|-fail|p2a: Slowking|brn
|
|-damage|p2a: Slowking|85\/100 brn|[from] brn
|upkeep
|turn|10
|
|t:|1756179409
|move|p1a: Gardevoir|Psyshock|p2a: Slowking
|-damage|p2a: Slowking|36\/100 brn
|move|p2a: Slowking|Sludge Bomb|p1a: Gardevoir
|-supereffective|p1a: Gardevoir
|-damage|p1a: Gardevoir|21\/100
|-status|p1a: Gardevoir|psn
|
|-damage|p1a: Gardevoir|9\/100 psn|[from] psn
|-damage|p2a: Slowking|30\/100 brn|[from] brn
|upkeep
|turn|11
|
|t:|1756179421
|switch|p2a: Corviknight|Corviknight, M|81\/100
|-ability|p2a: Corviknight|Unnerve
|move|p1a: Gardevoir|Psyshock|p2a: Corviknight
|-resisted|p2a: Corviknight
|-damage|p2a: Corviknight|66\/100
|
|-damage|p1a: Gardevoir|0 fnt|[from] psn
|faint|p1a: Gardevoir
|detailschange|p1: Gardevoir|Gardevoir, F|[silent]
|upkeep
|
|t:|1756179441
|switch|p1a: Palafin|Palafin-Hero, F|88\/100
|-damage|p1a: Palafin|76\/100|[from] Stealth Rock
|-activate|p1a: Palafin|ability: Zero to Hero
|turn|12
|
|t:|1756179471
|move|p1a: Palafin|Wave Crash|p2a: Corviknight
|-damage|p2a: Corviknight|0 fnt
|faint|p2a: Corviknight
|-damage|p1a: Palafin|51\/100|[from] Recoil
|
|upkeep
|
|t:|1756179476
|switch|p2a: Zekrom|Zekrom|86\/100
|-ability|p2a: Zekrom|Teravolt
|turn|13
|
|t:|1756179483
|move|p2a: Zekrom|Volt Switch|p1a: Palafin
|-supereffective|p1a: Palafin
|-damage|p1a: Palafin|0 fnt
|faint|p1a: Palafin
|
|t:|1756179487
|switch|p2a: Slowking|Slowking-Galar, F|63\/100 brn|[from] Volt Switch
|
|-damage|p2a: Slowking|57\/100 brn|[from] brn
|upkeep
|l| Phantom0rion
|j| Phantom0rion
|
|t:|1756179513
|switch|p1a: Rayquaza|Rayquaza|100\/100
|-damage|p1a: Rayquaza|76\/100|[from] Stealth Rock
|-ability|p1a: Rayquaza|Air Lock
|turn|14
|
|t:|1756179522
|switch|p2a: Quagsire|Quagsire, M|100\/100
|move|p1a: Rayquaza|Earthquake|p2a: Quagsire
|-damage|p2a: Quagsire|64\/100
|-damage|p1a: Rayquaza|66\/100|[from] item: Life Orb
|
|-heal|p2a: Quagsire|71\/100|[from] item: Leftovers
|upkeep
|turn|15
|
|t:|1756179540
|move|p1a: Rayquaza|Dragon Dance|p1a: Rayquaza
|-boost|p1a: Rayquaza|atk|1
|-boost|p1a: Rayquaza|spe|1
|move|p2a: Quagsire|Ice Beam|p1a: Rayquaza
|-supereffective|p1a: Rayquaza
|-damage|p1a: Rayquaza|5\/100
|
|-heal|p2a: Quagsire|77\/100|[from] item: Leftovers
|upkeep
|turn|16
|
|t:|1756179577
|move|p1a: Rayquaza|Dragon Ascent|p2a: Quagsire
|-damage|p2a: Quagsire|13\/100
|-unboost|p1a: Rayquaza|def|1
|-unboost|p1a: Rayquaza|spd|1
|-damage|p1a: Rayquaza|0 fnt|[from] item: Life Orb
|faint|p1a: Rayquaza
|move|p2a: Quagsire|Ice Beam|p1: Rayquaza|[notarget]
|-fail|p2a: Quagsire
|
|-heal|p2a: Quagsire|19\/100|[from] item: Leftovers
|upkeep
|
|t:|1756179604
|switch|p1a: Weavile|Weavile, F|100\/100
|-ability|p1a: Weavile|Pressure
|turn|17
|
|t:|1756179623
|move|p1a: Weavile|Triple Axel|p2a: Quagsire
|-damage|p2a: Quagsire|12\/100
|-damage|p2a: Quagsire|0 fnt
|faint|p2a: Quagsire
|-hitcount|p2: Quagsire|2
|
|upkeep
|
|t:|1756179630
|switch|p2a: Zekrom|Zekrom|86\/100
|-ability|p2a: Zekrom|Teravolt
|turn|18
|
|t:|1756179643
|move|p2a: Zekrom|Bolt Strike|p1a: Weavile
|-damage|p1a: Weavile|0 fnt
|faint|p1a: Weavile
|
|upkeep
|
|t:|1756179662
|switch|p1a: Kartana|Kartana|100\/100
|-damage|p1a: Kartana|94\/100|[from] Stealth Rock
|turn|19
|
|t:|1756179670
|switch|p2a: Slowking|Slowking-Galar, F|91\/100 brn
|move|p1a: Kartana|Knock Off|p2a: Slowking
|-supereffective|p2a: Slowking
|-damage|p2a: Slowking|0 fnt
|-enditem|p2a: Slowking|Assault Vest|[from] move: Knock Off|[of] p1a: Kartana
|faint|p2a: Slowking
|-ability|p1a: Kartana|Beast Boost|boost
|-boost|p1a: Kartana|atk|1
|
|upkeep
|
|t:|1756179678
|switch|p2a: Zekrom|Zekrom|86\/100
|-ability|p2a: Zekrom|Teravolt
|turn|20
|
|t:|1756179686
|move|p1a: Kartana|Knock Off|p2a: Zekrom
|-damage|p2a: Zekrom|30\/100
|-enditem|p2a: Zekrom|Choice Scarf|[from] move: Knock Off|[of] p1a: Kartana
|move|p2a: Zekrom|Bolt Strike|p1a: Kartana|[miss]
|-miss|p2a: Zekrom|p1a: Kartana
|
|upkeep
|turn|21
|
|t:|1756179692
|move|p1a: Kartana|Knock Off|p2a: Zekrom
|-damage|p2a: Zekrom|0 fnt
|faint|p2a: Zekrom
|
|win|blader1176
|c|☆ReliantColey|gg
|c|☆blader1176|ggwp
|l| Plnbnkkol
|l| Bunnnies
|l|☆ReliantColey
|player|p2|
|l| Conundromic
|l| Phantom0rion

</script>
</div>
<div class="battle-log battle-log-inline"><div class="inner"><div class="battle-options"></div><div class="inner message-log"><div class="chat"><small>☆blader1176 and ☆ReliantColey joined</small></div><div class=""><small>Format:</small> <br><strong>[Gen 9] NatDex Draft</strong></div><div class=""><small><em>Tera Type Preview:</em> Tera Types are shown at Team Preview</small></div><div class=""><small><em>Sleep Clause Mod:</em> Limit one foe put to sleep</small></div><div class=""><small><em>OHKO Clause:</em> OHKO moves are banned</small></div><div class=""><small><em>Evasion Clause:</em> Evasion abilities, items, and moves are banned</small></div><div class=""><small><em>Evasion Abilities Clause:</em> Evasion abilities are banned</small></div><div class=""><small><em>Evasion Items Clause:</em> Evasion items are banned</small></div><div class=""><small><em>Evasion Moves Clause:</em> Evasion moves are banned</small></div><div class=""><small><em>Endless Battle Clause:</em> Forcing endless battles is banned</small></div><div class=""><small><em>HP Percentage Mod:</em> HP is shown in percentages</small></div><div class="chat"><div class="infobox"><details class="readmore" open=""><summary><strong>1 custom rule:</strong></summary> Tera Type Preview</details></div></div><div class="chat">blader1176's Tera Types:<br><span class="picon" style="background:transparent url(https://play.pokemonshowdown.com/sprites/pokemonicons-sheet.png?v19) no-repeat scroll -0px -960px"></span><img src="https://play.pokemonshowdown.com/sprites/types/Flying.png" alt="Flying" height="14" width="32" class="pixelated"> / <span class="picon" style="background:transparent url(https://play.pokemonshowdown.com/sprites/pokemonicons-sheet.png?v19) no-repeat scroll -280px -1200px"></span><img src="https://play.pokemonshowdown.com/sprites/types/Fairy.png" alt="Fairy" height="14" width="32" class="pixelated"> / <span class="picon" style="background:transparent url(https://play.pokemonshowdown.com/sprites/pokemonicons-sheet.png?v19) no-repeat scroll -160px -2400px"></span><img src="https://play.pokemonshowdown.com/sprites/types/Water.png" alt="Water" height="14" width="32" class="pixelated"> / <span class="picon" style="background:transparent url(https://play.pokemonshowdown.com/sprites/pokemonicons-sheet.png?v19) no-repeat scroll -240px -690px"></span><img src="https://play.pokemonshowdown.com/sprites/types/Psychic.png" alt="Psychic" height="14" width="32" class="pixelated"> / <span class="picon" style="background:transparent url(https://play.pokemonshowdown.com/sprites/pokemonicons-sheet.png?v19) no-repeat scroll -200px -1140px"></span><img src="https://play.pokemonshowdown.com/sprites/types/Ice.png" alt="Ice" height="14" width="32" class="pixelated"> / <span class="picon" style="background:transparent url(https://play.pokemonshowdown.com/sprites/pokemonicons-sheet.png?v19) no-repeat scroll -240px -1980px"></span><img src="https://play.pokemonshowdown.com/sprites/types/Grass.png" alt="Grass" height="14" width="32" class="pixelated"></div><div class="chat">ReliantColey's Tera Types:<br><span class="picon" style="background:transparent url(https://play.pokemonshowdown.com/sprites/pokemonicons-sheet.png?v19) no-repeat scroll -280px -2040px"></span><img src="https://play.pokemonshowdown.com/sprites/types/Flying.png" alt="Flying" height="14" width="32" class="pixelated"> / <span class="picon" style="background:transparent url(https://play.pokemonshowdown.com/sprites/pokemonicons-sheet.png?v19) no-repeat scroll -120px -480px"></span><img src="https://play.pokemonshowdown.com/sprites/types/Water.png" alt="Water" height="14" width="32" class="pixelated"> / <span class="picon" style="background:transparent url(https://play.pokemonshowdown.com/sprites/pokemonicons-sheet.png?v19) no-repeat scroll -440px -3060px"></span><img src="https://play.pokemonshowdown.com/sprites/types/Poison.png" alt="Poison" height="14" width="32" class="pixelated"> / <span class="picon" style="background:transparent url(https://play.pokemonshowdown.com/sprites/pokemonicons-sheet.png?v19) no-repeat scroll -80px -1590px"></span><img src="https://play.pokemonshowdown.com/sprites/types/Ghost.png" alt="Ghost" height="14" width="32" class="pixelated"> / <span class="picon" style="background:transparent url(https://play.pokemonshowdown.com/sprites/pokemonicons-sheet.png?v19) no-repeat scroll -440px -2190px"></span><img src="https://play.pokemonshowdown.com/sprites/types/Dragon.png" alt="Dragon" height="14" width="32" class="pixelated"> / <span class="picon" style="background:transparent url(https://play.pokemonshowdown.com/sprites/pokemonicons-sheet.png?v19) no-repeat scroll -320px -1590px"></span><img src="https://play.pokemonshowdown.com/sprites/types/Dragon.png" alt="Dragon" height="14" width="32" class="pixelated"></div><div class="chat battle-history"><strong>blader1176's team:</strong> <em style="color:#445566;display:block;">Rayquaza / Giratina / Palafin / Gardevoir / Weavile / Kartana</em></div><div class="chat battle-history"><strong>ReliantColey's team:</strong> <em style="color:#445566;display:block;">Corviknight / Quagsire / Slowking-Galar / Cobalion / Dragapult / Zekrom</em></div><div class="chat"><small> Bunnnies and  Crown Oji joined</small></div><div class="chat chatmessage-bunnnies"><strong style="color:#8a36e4"><small class="groupsymbol"> </small><span class="username">Bunnnies</span>:</strong> <em>battling during another battle?</em></div><div class="chat chatmessage-bunnnies"><strong style="color:#8a36e4"><small class="groupsymbol"> </small><span class="username">Bunnnies</span>:</strong> <em>illegal</em></div><div class="chat chatmessage-blader1176"><strong style="color:#797ad1"><small class="groupsymbol">☆</small><span class="username">blader1176</span>:</strong> <em>this is the only one that matters</em></div><div class="chat"><small> Phantom0rion and  ChillerFrost joined</small></div><div class="chat chatmessage-reliantcoley"><strong style="color:#9727e7"><small class="groupsymbol">☆</small><span class="username">ReliantColey</span>:</strong> <em>use both eyes</em></div><div class="chat chatmessage-blader1176"><strong style="color:#797ad1"><small class="groupsymbol">☆</small><span class="username">blader1176</span>:</strong> <em>^</em></div><div class="chat"><small> DoctaShock joined</small></div><div class="spacer battle-history"><br></div><div class="battle-history">Battle started between blader1176 and ReliantColey!<br></div><div class="spacer battle-history"><br></div><div class="battle-history">Go! <strong>Giratina</strong>!<br></div><div class="spacer battle-history"><br></div><div class="battle-history">ReliantColey sent out <strong>Cobalion</strong>!<br></div><div class="battle-history">[Giratina's Pressure]<br><small>Giratina is exerting its pressure!</small><br></div><div class="spacer battle-history"><br></div><h2 class="battle-history">Turn 1</h2><div class="chat chatmessage-blader1176"><strong style="color:#797ad1"><small class="groupsymbol">☆</small><span class="username">blader1176</span>:</strong> <em>!servertime</em></div><div class="chat"><div class="infobox">Server time: <b>8/26/2025, 3:31:34 AM</b></div></div><div class="chat chatmessage-blader1176"><strong style="color:#797ad1"><small class="groupsymbol">☆</small><span class="username">blader1176</span>:</strong> <em>glhf</em></div><div class="spacer battle-history"><br></div><div class="battle-history">The opposing Cobalion used <strong>Stealth Rock</strong>!<br></div><div class="battle-history"><small>Pointed stones float in the air around your team!</small><br></div><div class="spacer battle-history"><br></div><div class="battle-history">Giratina used <strong>Will-O-Wisp</strong>!<br></div><div class="battle-history"><small>The opposing Cobalion was burned!</small><br></div><div class="spacer battle-history"><br></div><div class="battle-history"><small>The opposing Cobalion was hurt by its burn!</small><br></div><div class="spacer battle-history"><br></div><h2 class="battle-history">Turn 2</h2><div class="chat"><small> serendipidu and  Plnbnkkol joined</small></div><div class="chat chatmessage-reliantcoley"><strong style="color:#9727e7"><small class="groupsymbol">☆</small><span class="username">ReliantColey</span>:</strong> <em>u2!</em></div><div class="spacer battle-history"><br></div><div class="battle-history">The opposing Cobalion used <strong>Taunt</strong>!<br></div><div class="battle-history"><small>Giratina fell for the taunt!</small><br></div><div class="spacer battle-history"><br></div><div class="battle-history">Giratina used <strong>Hex</strong>!<br></div><div class="battle-history"><small>(The opposing Cobalion lost 89% of its health!)</small><br></div><div class="spacer battle-history"><br></div><div class="battle-history"><small>The opposing Cobalion was hurt by its burn!</small><br></div><div class="spacer battle-history"><br></div><div class="battle-history">The opposing Cobalion fainted!<br></div><div class="chat"><small> tomkeap joined</small></div><div class="spacer battle-history"><br></div><div class="battle-history">ReliantColey sent out <strong>Dragapult</strong>!<br></div><div class="spacer battle-history"><br></div><h2 class="battle-history">Turn 3</h2><div class="spacer battle-history"><br></div><div class="battle-history">The opposing Dragapult used <strong>Shadow Ball</strong>!<br></div><div class="battle-history"><small>It's super effective!</small><br></div><div class="battle-history"><small>(Giratina lost 74% of its health!)</small><br></div><div class="spacer battle-history"><br></div><div class="battle-history">Giratina used <strong>Draco Meteor</strong>!<br></div><div class="battle-history"><small>It's super effective!</small><br></div><div class="battle-history"><small>(The opposing Dragapult lost 100% of its health!)</small><br></div><div class="battle-history"><small>Giratina's Sp. Atk fell harshly!</small><br></div><div class="spacer battle-history"><br></div><div class="battle-history">The opposing Dragapult fainted!<br></div><div class="spacer battle-history"><br></div><div class="battle-history">ReliantColey sent out <strong>Zekrom</strong>!<br></div><div class="battle-history">[The opposing Zekrom's Teravolt]<br><small>The opposing Zekrom is radiating a bursting aura!</small><br></div><div class="spacer battle-history"><br></div><h2 class="battle-history">Turn 4</h2><div class="spacer battle-history"><br></div><div class="battle-history">Giratina used <strong>Shadow Sneak</strong>!<br></div><div class="battle-history"><small>(The opposing Zekrom lost 14% of its health!)</small><br></div><div class="spacer battle-history"><br></div><div class="battle-history">The opposing Zekrom used <strong>Volt Switch</strong>!<br></div><div class="battle-history"><small>It's not very effective...</small><br></div><div class="battle-history"><small>(Giratina lost 9% of its health!)</small><br></div><div class="spacer battle-history"><br></div><div class="battle-history">The opposing Zekrom went back to ReliantColey!<br></div><div class="battle-history">ReliantColey sent out Slowking (<strong>Slowking-Galar</strong>)!<br></div><div class="spacer battle-history"><br></div><div class="battle-history"><small>Giratina shook off the taunt!</small><br></div><div class="spacer battle-history"><br></div><h2 class="battle-history">Turn 5</h2><div class="spacer battle-history"><br></div><div class="battle-history">Giratina used <strong>Will-O-Wisp</strong>!<br></div><div class="battle-history"><small>The opposing Slowking avoided the attack!</small><br></div><div class="spacer battle-history"><br></div><div class="battle-history">The opposing Slowking used <strong>Future Sight</strong>!<br></div><div class="battle-history"><small>The opposing Slowking foresaw an attack!</small><br></div><div class="spacer battle-history"><br></div><h2 class="battle-history">Turn 6</h2><div class="spacer battle-history"><br></div><div class="battle-history">Giratina used <strong>Will-O-Wisp</strong>!<br></div><div class="battle-history"><small>The opposing Slowking was burned!</small><br></div><div class="spacer battle-history"><br></div><div class="battle-history">The opposing Slowking used <strong>Sludge Bomb</strong>!<br></div><div class="battle-history"><small>It's not very effective...</small><br></div><div class="battle-history"><small>(Giratina lost 11% of its health!)</small><br></div><div class="spacer battle-history"><br></div><div class="battle-history"><small>The opposing Slowking was hurt by its burn!</small><br></div><div class="spacer battle-history"><br></div><h2 class="battle-history">Turn 7</h2><div class="chat"><small> Conundromic joined</small></div><div class="spacer battle-history"><br></div><div class="battle-history">Giratina used <strong>Hex</strong>!<br></div><div class="battle-history"><small>It's super effective!</small><br></div><div class="battle-history"><small>(The opposing Slowking lost 31% of its health!)</small><br></div><div class="spacer battle-history"><br></div><div class="battle-history">The opposing Slowking used <strong>Ice Beam</strong>!<br></div><div class="battle-history"><small>It's super effective!</small><br></div><div class="battle-history"><small>(Giratina lost 6% of its health!)</small><br></div><div class="spacer battle-history"><br></div><div class="battle-history">Giratina fainted!<br></div><div class="spacer battle-history"><br></div><div class="battle-history"><small>(Future Sight did not hit because the target is fainted.)</small><br></div><div class="battle-history"><small>The opposing Slowking was hurt by its burn!</small><br></div><div class="spacer battle-history"><br></div><div class="battle-history">Go! <strong>Palafin</strong>!<br></div><div class="battle-history"><small>Pointed stones dug into Palafin!</small><br></div><div class="spacer battle-history"><br></div><h2 class="battle-history">Turn 8</h2><div class="spacer battle-history"><br></div><div class="battle-history">ReliantColey withdrew Slowking!<br></div><div class="battle-history">ReliantColey sent out <strong>Corviknight</strong>!<br></div><div class="battle-history">[The opposing Corviknight's Unnerve]<br><small>Your team is too nervous to eat Berries!</small><br></div><div class="spacer battle-history"><br></div><div class="battle-history">Palafin used <strong>Flip Turn</strong>!<br></div><div class="battle-history"><small>(The opposing Corviknight lost 19% of its health!)</small><br></div><div class="spacer battle-history"><br></div><div class="battle-history">Palafin went back to blader1176!<br></div><div class="battle-history">Go! <strong>Gardevoir</strong>!<br></div><div class="battle-history"><small>Pointed stones dug into Gardevoir!</small><br></div><div class="battle-history">[Gardevoir's Trace]<br>[Gardevoir's Unnerve]<br><small>Gardevoir traced the opposing Corviknight's Unnerve!</small><br></div><div class="battle-history">[Gardevoir's Unnerve]<br><small>The opposing team is too nervous to eat Berries!</small><br></div><div class="spacer battle-history"><br></div><h2 class="battle-history">Turn 9</h2><div class="spacer battle-history"><br></div><div class="battle-history">ReliantColey withdrew Corviknight!<br></div><div class="battle-history">ReliantColey sent out Slowking (<strong>Slowking-Galar</strong>)!<br></div><div class="spacer battle-history"><br></div><div class="battle-history"><small>Gardevoir's Gardevoirite is reacting to the Key Stone!</small><br>Gardevoir has Mega Evolved into Mega Gardevoir!<br></div><div class="spacer battle-history"><br></div><div class="battle-history">Gardevoir used <strong>Will-O-Wisp</strong>!<br></div><div class="battle-history"><small>The opposing Slowking is already burned!</small><br></div><div class="spacer battle-history"><br></div><div class="battle-history"><small>The opposing Slowking was hurt by its burn!</small><br></div><div class="spacer battle-history"><br></div><h2 class="battle-history">Turn 10</h2><div class="spacer battle-history"><br></div><div class="battle-history">Gardevoir used <strong>Psyshock</strong>!<br></div><div class="battle-history"><small>(The opposing Slowking lost 49% of its health!)</small><br></div><div class="spacer battle-history"><br></div><div class="battle-history">The opposing Slowking used <strong>Sludge Bomb</strong>!<br></div><div class="battle-history"><small>It's super effective!</small><br></div><div class="battle-history"><small>(Gardevoir lost 67% of its health!)</small><br></div><div class="battle-history"><small>Gardevoir was poisoned!</small><br></div><div class="spacer battle-history"><br></div><div class="battle-history"><small>Gardevoir was hurt by poison!</small><br></div><div class="battle-history"><small>The opposing Slowking was hurt by its burn!</small><br></div><div class="spacer battle-history"><br></div><h2 class="battle-history">Turn 11</h2><div class="spacer battle-history"><br></div><div class="battle-history">ReliantColey withdrew Slowking!<br></div><div class="battle-history">ReliantColey sent out <strong>Corviknight</strong>!<br></div><div class="battle-history">[The opposing Corviknight's Unnerve]<br><small>Your team is too nervous to eat Berries!</small><br></div><div class="spacer battle-history"><br></div><div class="battle-history">Gardevoir used <strong>Psyshock</strong>!<br></div><div class="battle-history"><small>It's not very effective...</small><br></div><div class="battle-history"><small>(The opposing Corviknight lost 15% of its health!)</small><br></div><div class="spacer battle-history"><br></div><div class="battle-history"><small>Gardevoir was hurt by poison!</small><br></div><div class="spacer battle-history"><br></div><div class="battle-history">Gardevoir fainted!<br></div><div class="spacer battle-history"><br></div><div class="battle-history">Go! Palafin (<strong>Palafin-Hero</strong>)!<br></div><div class="battle-history"><small>Pointed stones dug into Palafin!</small><br></div><div class="battle-history">[Palafin's Zero to Hero]<br><small>Palafin underwent a heroic transformation!</small><br></div><div class="spacer battle-history"><br></div><h2 class="battle-history">Turn 12</h2><div class="spacer battle-history"><br></div><div class="battle-history">Palafin used <strong>Wave Crash</strong>!<br></div><div class="battle-history"><small>(The opposing Corviknight lost 66% of its health!)</small><br></div><div class="spacer battle-history"><br></div><div class="battle-history">The opposing Corviknight fainted!<br></div><div class="battle-history"><small>Palafin was damaged by the recoil!</small><br></div><div class="spacer battle-history"><br></div><div class="battle-history">ReliantColey sent out <strong>Zekrom</strong>!<br></div><div class="battle-history">[The opposing Zekrom's Teravolt]<br><small>The opposing Zekrom is radiating a bursting aura!</small><br></div><div class="spacer battle-history"><br></div><h2 class="battle-history">Turn 13</h2><div class="spacer battle-history"><br></div><div class="battle-history">The opposing Zekrom used <strong>Volt Switch</strong>!<br></div><div class="battle-history"><small>It's super effective!</small><br></div><div class="battle-history"><small>(Palafin lost 51% of its health!)</small><br></div><div class="spacer battle-history"><br></div><div class="battle-history">Palafin fainted!<br></div><div class="spacer battle-history"><br></div><div class="battle-history">The opposing Zekrom went back to ReliantColey!<br></div><div class="battle-history">ReliantColey sent out Slowking (<strong>Slowking-Galar</strong>)!<br></div><div class="spacer battle-history"><br></div><div class="battle-history"><small>The opposing Slowking was hurt by its burn!</small><br></div><div class="chat"><small></small></div><div class="spacer battle-history"><br></div><div class="battle-history">Go! <strong>Rayquaza</strong>!<br></div><div class="battle-history"><small>Pointed stones dug into Rayquaza!</small><br></div><div class="battle-history">[Rayquaza's Air Lock]<br><small>The effects of the weather disappeared.</small><br></div><div class="spacer battle-history"><br></div><h2 class="battle-history">Turn 14</h2><div class="spacer battle-history"><br></div><div class="battle-history">ReliantColey withdrew Slowking!<br></div><div class="battle-history">ReliantColey sent out <strong>Quagsire</strong>!<br></div><div class="spacer battle-history"><br></div><div class="battle-history">Rayquaza used <strong>Earthquake</strong>!<br></div><div class="battle-history"><small>(The opposing Quagsire lost 36% of its health!)</small><br></div><div class="battle-history"><small>Rayquaza lost some of its HP!</small><br></div><div class="spacer battle-history"><br></div><div class="battle-history"><small>The opposing Quagsire restored a little HP using its Leftovers!</small><br></div><div class="spacer battle-history"><br></div><h2 class="battle-history">Turn 15</h2><div class="spacer battle-history"><br></div><div class="battle-history">Rayquaza used <strong>Dragon Dance</strong>!<br></div><div class="battle-history"><small>Rayquaza's Attack rose!</small><br></div><div class="battle-history"><small>Rayquaza's Speed rose!</small><br></div><div class="spacer battle-history"><br></div><div class="battle-history">The opposing Quagsire used <strong>Ice Beam</strong>!<br></div><div class="battle-history"><small>It's super effective!</small><br></div><div class="battle-history"><small>(Rayquaza lost 61% of its health!)</small><br></div><div class="spacer battle-history"><br></div><div class="battle-history"><small>The opposing Quagsire restored a little HP using its Leftovers!</small><br></div><div class="spacer battle-history"><br></div><h2 class="battle-history">Turn 16</h2><div class="spacer battle-history"><br></div><div class="battle-history">Rayquaza used <strong>Dragon Ascent</strong>!<br></div><div class="battle-history"><small>(The opposing Quagsire lost 64% of its health!)</small><br></div><div class="battle-history"><small>Rayquaza's Defense fell!</small><br></div><div class="battle-history"><small>Rayquaza's Sp. Def fell!</small><br></div><div class="battle-history"><small>Rayquaza lost some of its HP!</small><br></div><div class="spacer battle-history"><br></div><div class="battle-history">Rayquaza fainted!<br></div><div class="battle-history">The opposing Quagsire used <strong>Ice Beam</strong>!<br></div><div class="battle-history"><small>But it failed!</small><br></div><div class="spacer battle-history"><br></div><div class="battle-history"><small>The opposing Quagsire restored a little HP using its Leftovers!</small><br></div><div class="spacer battle-history"><br></div><div class="battle-history">Go! <strong>Weavile</strong>!<br></div><div class="battle-history">[Weavile's Pressure]<br><small>Weavile is exerting its pressure!</small><br></div><div class="spacer battle-history"><br></div><h2 class="battle-history">Turn 17</h2><div class="spacer battle-history"><br></div><div class="battle-history">Weavile used <strong>Triple Axel</strong>!<br></div><div class="battle-history"><small>(The opposing Quagsire lost 7% of its health!)</small><br></div><div class="battle-history"><small>(The opposing Quagsire lost 12% of its health!)</small><br></div><div class="spacer battle-history"><br></div><div class="battle-history">The opposing Quagsire fainted!<br></div><div class="battle-history"><small>The Pokémon was hit 2 times!</small><br></div><div class="spacer battle-history"><br></div><div class="battle-history">ReliantColey sent out <strong>Zekrom</strong>!<br></div><div class="battle-history">[The opposing Zekrom's Teravolt]<br><small>The opposing Zekrom is radiating a bursting aura!</small><br></div><div class="spacer battle-history"><br></div><h2 class="battle-history">Turn 18</h2><div class="spacer battle-history"><br></div><div class="battle-history">The opposing Zekrom used <strong>Bolt Strike</strong>!<br></div><div class="battle-history"><small>(Weavile lost 100% of its health!)</small><br></div><div class="spacer battle-history"><br></div><div class="battle-history">Weavile fainted!<br></div><div class="spacer battle-history"><br></div><div class="battle-history">Go! <strong>Kartana</strong>!<br></div><div class="battle-history"><small>Pointed stones dug into Kartana!</small><br></div><div class="spacer battle-history"><br></div><h2 class="battle-history">Turn 19</h2><div class="spacer battle-history"><br></div><div class="battle-history">ReliantColey withdrew Zekrom!<br></div><div class="battle-history">ReliantColey sent out Slowking (<strong>Slowking-Galar</strong>)!<br></div><div class="spacer battle-history"><br></div><div class="battle-history">Kartana used <strong>Knock Off</strong>!<br></div><div class="battle-history"><small>It's super effective!</small><br></div><div class="battle-history"><small>(The opposing Slowking lost 91% of its health!)</small><br></div><div class="battle-history"><small>Kartana knocked off the opposing Slowking's Assault Vest!</small><br></div><div class="spacer battle-history"><br></div><div class="battle-history">The opposing Slowking fainted!<br></div><div class="battle-history">[Kartana's Beast Boost]<br></div><div class="battle-history"><small>Kartana's Attack rose!</small><br></div><div class="spacer battle-history"><br></div><div class="battle-history">ReliantColey sent out <strong>Zekrom</strong>!<br></div><div class="battle-history">[The opposing Zekrom's Teravolt]<br><small>The opposing Zekrom is radiating a bursting aura!</small><br></div><div class="spacer battle-history"><br></div><h2 class="battle-history">Turn 20</h2><div class="spacer battle-history"><br></div><div class="battle-history">Kartana used <strong>Knock Off</strong>!<br></div><div class="battle-history"><small>(The opposing Zekrom lost 56% of its health!)</small><br></div><div class="battle-history"><small>Kartana knocked off the opposing Zekrom's Choice Scarf!</small><br></div><div class="spacer battle-history"><br></div><div class="battle-history">The opposing Zekrom used <strong>Bolt Strike</strong>!<br></div><div class="battle-history"><small>Kartana avoided the attack!</small><br></div><div class="spacer battle-history"><br></div><h2 class="battle-history">Turn 21</h2><div class="spacer battle-history"><br></div><div class="battle-history">Kartana used <strong>Knock Off</strong>!<br></div><div class="battle-history"><small>(The opposing Zekrom lost 30% of its health!)</small><br></div><div class="spacer battle-history"><br></div><div class="battle-history">The opposing Zekrom fainted!<br></div><div class="spacer battle-history"><br></div><div class="battle-history"><strong>blader1176</strong> won the battle!<br></div><div class="chat chatmessage-reliantcoley"><strong style="color:#9727e7"><small class="groupsymbol">☆</small><span class="username">ReliantColey</span>:</strong> <em>gg</em></div><div class="chat chatmessage-blader1176"><strong style="color:#797ad1"><small class="groupsymbol">☆</small><span class="username">blader1176</span>:</strong> <em>ggwp</em></div><div class="chat"><small> Plnbnkkol,  Bunnnies, and ☆ReliantColey left</small></div><div class="chat"><small> Conundromic and  Phantom0rion left</small></div></div><div class="inner-preempt message-log"></div></div></div>
</div>
<script>
let daily = Math.floor(Date.now()/1000/60/60/24);document.write('<script src="https://play.pokemonshowdown.com/js/replay-embed.js?version'+daily+'"></'+'script>');
</script>
