<!DOCTYPE html>
<meta charset="utf-8" />
<!-- version 1 -->
<title>[Gen 9] NatDex Draft replay: Ausxh vs. MoreLikeHalberd</title>
<style>
html,body {font-family:Verdana, sans-serif;font-size:10pt;margin:0;padding:0;}body{padding:12px 0;} .battle-log {font-family:Verdana, sans-serif;font-size:10pt;} .battle-log-inline {border:1px solid #AAAAAA;background:#EEF2F5;color:black;max-width:640px;margin:0 auto 80px;padding-bottom:5px;} .battle-log .inner {padding:4px 8px 0px 8px;} .battle-log .inner-preempt {padding:0 8px 4px 8px;} .battle-log .inner-after {margin-top:0.5em;} .battle-log h2 {margin:0.5em -8px;padding:4px 8px;border:1px solid #AAAAAA;background:#E0E7EA;border-left:0;border-right:0;font-family:Verdana, sans-serif;font-size:13pt;} .battle-log .chat {vertical-align:middle;padding:3px 0 3px 0;font-size:8pt;} .battle-log .chat strong {color:#40576A;} .battle-log .chat em {padding:1px 4px 1px 3px;color:#000000;font-style:normal;} .chat.mine {background:rgba(0,0,0,0.05);margin-left:-8px;margin-right:-8px;padding-left:8px;padding-right:8px;} .spoiler {color:#BBBBBB;background:#BBBBBB;padding:0px 3px;} .spoiler:hover, .spoiler:active, .spoiler-shown {color:#000000;background:#E2E2E2;padding:0px 3px;} .spoiler a {color:#BBBBBB;} .spoiler:hover a, .spoiler:active a, .spoiler-shown a {color:#2288CC;} .chat code, .chat .spoiler:hover code, .chat .spoiler:active code, .chat .spoiler-shown code {border:1px solid #C0C0C0;background:#EEEEEE;color:black;padding:0 2px;} .chat .spoiler code {border:1px solid #CCCCCC;background:#CCCCCC;color:#CCCCCC;} .battle-log .rated {padding:3px 4px;} .battle-log .rated strong {color:white;background:#89A;padding:1px 4px;border-radius:4px;} .spacer {margin-top:0.5em;} .message-announce {background:#6688AA;color:white;padding:1px 4px 2px;} .message-announce a, .broadcast-green a, .broadcast-blue a, .broadcast-red a {color:#DDEEFF;} .broadcast-green {background-color:#559955;color:white;padding:2px 4px;} .broadcast-blue {background-color:#6688AA;color:white;padding:2px 4px;} .infobox {border:1px solid #6688AA;padding:2px 4px;} .infobox-limited {max-height:200px;overflow:auto;overflow-x:hidden;} .broadcast-red {background-color:#AA5544;color:white;padding:2px 4px;} .message-learn-canlearn {font-weight:bold;color:#228822;text-decoration:underline;} .message-learn-cannotlearn {font-weight:bold;color:#CC2222;text-decoration:underline;} .message-effect-weak {font-weight:bold;color:#CC2222;} .message-effect-resist {font-weight:bold;color:#6688AA;} .message-effect-immune {font-weight:bold;color:#666666;} .message-learn-list {margin-top:0;margin-bottom:0;} .message-throttle-notice, .message-error {color:#992222;} .message-overflow, .chat small.message-overflow {font-size:0pt;} .message-overflow::before {font-size:9pt;content:'...';} .subtle {color:#3A4A66;}
</style>
<div class="wrapper replay-wrapper" style="max-width:1180px;margin:0 auto">
<input type="hidden" name="replayid" value="gen9natdexdraft-2048029897" />
<div class="battle"></div><div class="battle-log"></div><div class="replay-controls"></div><div class="replay-controls-2"></div>
<h1 style="font-weight:normal;text-align:center"><strong>[Gen 9] NatDex Draft</strong><br /><a href="http://pokemonshowdown.com/users/ausxh" class="subtle" target="_blank">Ausxh</a> vs. <a href="http://pokemonshowdown.com/users/morelikehalberd" class="subtle" target="_blank">MoreLikeHalberd</a></h1>
<script type="text/plain" class="battle-log-data">
|j|☆Ausxh
|j|☆MoreLikeHalberd
|t:|1706657737
|gametype|singles
|player|p1|Ausxh|miku-ground|
|player|p2|MoreLikeHalberd|acetrainer-gen4dp|
|teamsize|p1|6
|teamsize|p2|6
|gen|9
|tier|[Gen 9] NatDex Draft
|rule|Sleep Clause Mod: Limit one foe put to sleep
|rule|OHKO Clause: OHKO moves are banned
|rule|Evasion Clause: Evasion abilities, items, and moves are banned
|rule|Evasion Abilities Clause: Evasion abilities are banned
|rule|Evasion Items Clause: Evasion items are banned
|rule|Evasion Moves Clause: Evasion moves are banned
|rule|Endless Battle Clause: Forcing endless battles is banned
|rule|HP Percentage Mod: HP is shown in percentages
|clearpoke
|poke|p1|Mandibuzz, F|
|poke|p1|Regieleki|
|poke|p1|Meloetta|
|poke|p1|Banette, F|
|poke|p1|Jirachi|
|poke|p1|Ogerpon-Wellspring, F|
|poke|p2|Giratina-Origin|
|poke|p2|Deoxys-Speed|
|poke|p2|Scizor, M|
|poke|p2|Dondozo, M|
|poke|p2|Krookodile, F|
|poke|p2|Porygon-Z|
|teampreview
|inactive|Battle timer is ON: inactive players will automatically lose when time's up. (requested by Ausxh)
|inactiveoff|Battle timer is now OFF.
|j| ChillerFrost
|c|☆Ausxh|I'll get the replay after
|c|☆MoreLikeHalberd|oki
|c| ChillerFrost|kevin im making you a team one of these weeks so there's some variance
|c|☆MoreLikeHalberd|lmao
|j| daotxtoad
|c|☆MoreLikeHalberd|i just like using pokemon i like tbh
|j| not serendipidu
|j| Phantom0rion
|j| Conundromic
|c|☆Ausxh|you know that's the whole point of the draft lol
|c|☆Ausxh|alright r?
|c|☆MoreLikeHalberd|yessir
|inactive|Battle timer is ON: inactive players will automatically lose when time's up. (requested by Ausxh)
|
|t:|1706657865
|start
|switch|p1a: un bread|Banette, F|100\/100
|switch|p2a: Deoxys|Deoxys-Speed|100\/100
|-ability|p2a: Deoxys|Pressure
|-item|p2a: Deoxys|Focus Sash|[from] ability: Frisk|[of] p1a: un bread|[identify]
|turn|1
|c|☆Ausxh|kk
|inactive|MoreLikeHalberd has 270 seconds left.
|
|t:|1706657900
|detailschange|p1a: un bread|Banette-Mega, F
|-mega|p1a: un bread|Banette|Banettite
|move|p1a: un bread|Taunt|p2a: Deoxys
|-start|p2a: Deoxys|move: Taunt
|cant|p2a: Deoxys|move: Taunt|Stealth Rock
|
|upkeep
|turn|2
|inactive|MoreLikeHalberd has 270 seconds left.
|
|t:|1706657927
|switch|p2a: Porygon-Z|Porygon-Z|100\/100
|move|p1a: un bread|Poltergeist|p2a: Porygon-Z
|-immune|p2a: Porygon-Z
|
|upkeep
|turn|3
|c|☆Ausxh|:o
|c|☆MoreLikeHalberd|:0
|inactive|Ausxh has 270 seconds left.
|
|t:|1706657976
|switch|p1a: I like meloetta|Meloetta|100\/100
|move|p2a: Porygon-Z|Shadow Ball|p1a: I like meloetta
|-immune|p1a: I like meloetta
|
|upkeep
|turn|4
|inactive|MoreLikeHalberd has 240 seconds left.
|
|t:|1706658025
|switch|p2a: Scizor|Scizor, M|100\/100
|move|p1a: I like meloetta|Knock Off|p2a: Scizor
|-damage|p2a: Scizor|91\/100
|
|upkeep
|turn|5
|inactive|MoreLikeHalberd has 210 seconds left.
|inactive|Ausxh has 240 seconds left.
|
|t:|1706658060
|detailschange|p2a: Scizor|Scizor-Mega, M
|-mega|p2a: Scizor|Scizor|Scizorite
|move|p1a: I like meloetta|U-turn|p2a: Scizor
|-resisted|p2a: Scizor
|-damage|p2a: Scizor|86\/100
|
|t:|1706658067
|switch|p1a: toaster|Jirachi|100\/100|[from] U-turn
|move|p2a: Scizor|U-turn|p1a: toaster
|-damage|p1a: toaster|71\/100
|inactive|MoreLikeHalberd has 210 seconds left.
|
|t:|1706658099
|switch|p2a: Porygon-Z|Porygon-Z|100\/100|[from] U-turn
|
|upkeep
|turn|6
|inactive|Ausxh has 240 seconds left.
|inactive|MoreLikeHalberd has 180 seconds left.
|inactive|Ausxh has 210 seconds left.
|
|t:|1706658164
|-terastallize|p2a: Porygon-Z|Normal
|move|p2a: Porygon-Z|Tri Attack|p1a: toaster
|-resisted|p1a: toaster
|-damage|p1a: toaster|42\/100
|move|p1a: toaster|Stealth Rock|p2a: Porygon-Z
|-sidestart|p2: MoreLikeHalberd|move: Stealth Rock
|
|upkeep
|turn|7
|inactive|MoreLikeHalberd has 150 seconds left.
|inactive|Ausxh has 180 seconds left.
|inactive|Ausxh has 150 seconds left.
|
|t:|1706658214
|move|p2a: Porygon-Z|Tri Attack|p1a: toaster
|-resisted|p1a: toaster
|-damage|p1a: toaster|13\/100
|move|p1a: toaster|Wish|p1a: toaster
|
|upkeep
|turn|8
|inactive|Ausxh has 150 seconds left.
|
|t:|1706658237
|switch|p1a: un bread|Banette-Mega, F|100\/100
|move|p2a: Porygon-Z|Tri Attack|p1a: un bread
|-immune|p1a: un bread
|
|upkeep
|turn|9
|inactive|MoreLikeHalberd has 120 seconds left.
|inactive|Ausxh has 120 seconds left.
|
|t:|1706658293
|switch|p2a: Krookodile|Krookodile, F|100\/100
|-damage|p2a: Krookodile|94\/100|[from] Stealth Rock
|-ability|p2a: Krookodile|Intimidate|boost
|-unboost|p1a: un bread|atk|1
|move|p1a: un bread|Taunt|p2a: Krookodile
|-hint|Since gen 7, Dark is immune to Prankster moves.
|-immune|p2a: Krookodile
|
|upkeep
|turn|10
|inactive|Ausxh has 120 seconds left.
|inactive|MoreLikeHalberd has 90 seconds left.
|
|t:|1706658309
|switch|p1a: malbread|Mandibuzz, F|100\/100
|move|p2a: Krookodile|Knock Off|p1a: malbread
|-resisted|p1a: malbread
|-damage|p1a: malbread|80\/100
|-damage|p2a: Krookodile|78\/100|[from] item: Rocky Helmet|[of] p1a: malbread
|-enditem|p1a: malbread|Rocky Helmet|[from] move: Knock Off|[of] p2a: Krookodile
|
|upkeep
|turn|11
|inactive|Ausxh has 120 seconds left.
|inactive|MoreLikeHalberd has 90 seconds left.
|c|☆MoreLikeHalberd|malbread ;-;
|j| Ocarina919
|c|☆Ausxh|loll
|inactive|MoreLikeHalberd has 60 seconds left.
|
|t:|1706658358
|switch|p2a: Porygon-Z|Porygon-Z, tera:Normal|100\/100
|-damage|p2a: Porygon-Z|88\/100|[from] Stealth Rock
|move|p1a: malbread|U-turn|p2a: Porygon-Z
|-damage|p2a: Porygon-Z|71\/100
|inactive|Ausxh has 90 seconds left.
|j| Crown Oji
|inactive|Ausxh has 60 seconds left.
|
|t:|1706658424
|switch|p1a: soggy bread :(|Ogerpon-Wellspring, F|100\/100|[from] U-turn
|
|upkeep
|turn|12
|inactive|MoreLikeHalberd has 60 seconds left.
|c| ChillerFrost|oh god soggy bread
|
|t:|1706658448
|switch|p1a: un bread|Banette-Mega, F|100\/100
|move|p2a: Porygon-Z|Hyper Beam|p1a: un bread
|-immune|p1a: un bread
|
|upkeep
|turn|13
|c|☆Ausxh|=)
|c|☆MoreLikeHalberd|LMFAO
|c|☆MoreLikeHalberd|nice bait
|c|☆Ausxh|haha
|inactive|MoreLikeHalberd has 30 seconds left.
|
|t:|1706658479
|switch|p2a: Giratina|Giratina-Origin|100\/100
|-damage|p2a: Giratina|88\/100|[from] Stealth Rock
|move|p1a: un bread|Poltergeist|p2a: Giratina
|-activate|p2a: Giratina|move: Poltergeist|Griseous Core
|-supereffective|p2a: Giratina
|-damage|p2a: Giratina|0 fnt
|faint|p2a: Giratina
|
|upkeep
|inactive|MoreLikeHalberd has 30 seconds left.
|c|☆MoreLikeHalberd|i'm retiring
|inactive|MoreLikeHalberd has 20 seconds left.
|inactive|MoreLikeHalberd has 15 seconds left.
|
|t:|1706658502
|switch|p2a: Deoxys|Deoxys-Speed|100\/100
|-damage|p2a: Deoxys|88\/100|[from] Stealth Rock
|-ability|p2a: Deoxys|Pressure
|turn|14
|inactive|MoreLikeHalberd has 25 seconds left this turn.
|
|t:|1706658508
|move|p1a: un bread|Taunt|p2a: Deoxys
|-start|p2a: Deoxys|move: Taunt
|cant|p2a: Deoxys|move: Taunt|Stealth Rock
|
|upkeep
|turn|15
|inactive|Ausxh has 90 seconds left.
|inactive|MoreLikeHalberd has 30 seconds left.
|
|t:|1706658516
|switch|p2a: Dondozo|Dondozo, M|100\/100
|-damage|p2a: Dondozo|88\/100|[from] Stealth Rock
|move|p1a: un bread|Poltergeist|p2a: Dondozo
|-activate|p2a: Dondozo|move: Poltergeist|Leftovers
|-damage|p2a: Dondozo|52\/100
|
|-heal|p2a: Dondozo|58\/100|[from] item: Leftovers
|upkeep
|turn|16
|inactive|MoreLikeHalberd has 30 seconds left.
|inactive|Ausxh has 90 seconds left.
|inactive|MoreLikeHalberd has 20 seconds left.
|
|t:|1706658538
|switch|p1a: soggy bread :(|Ogerpon-Wellspring, F|100\/100
|move|p2a: Dondozo|Rest|p2a: Dondozo
|-status|p2a: Dondozo|slp|[from] move: Rest
|-heal|p2a: Dondozo|100\/100 slp|[silent]
|
|upkeep
|turn|17
|inactive|MoreLikeHalberd has 30 seconds left this turn.
|
|t:|1706658544
|switch|p2a: Scizor|Scizor-Mega, M|86\/100
|-damage|p2a: Scizor|74\/100|[from] Stealth Rock
|move|p1a: soggy bread :(|Leech Seed|p2a: Scizor
|-start|p2a: Scizor|move: Leech Seed
|
|-damage|p2a: Scizor|61\/100|[from] Leech Seed|[of] p1a: soggy bread :(
|upkeep
|turn|18
|inactive|MoreLikeHalberd has 30 seconds left.
|inactive|Ausxh has 90 seconds left.
|inactive|MoreLikeHalberd has 20 seconds left.
|l|☆Ausxh
|inactive|Ausxh disconnected and has 300 seconds to reconnect!
|player|p1|
|j|☆Ausxh
|inactive|Ausxh reconnected and has 85 seconds left.
|player|p1|Ausxh|miku-ground
|inactive|Ausxh has 60 seconds left.
|l|☆Ausxh
|inactive|Ausxh disconnected and has 295 seconds to reconnect!
|player|p1|
|j|☆Ausxh
|inactive|Ausxh reconnected and has 60 seconds left.
|player|p1|Ausxh|miku-ground
|
|t:|1706658617
|switch|p1a: malbread|Mandibuzz, F|80\/100
|move|p2a: Scizor|Swords Dance|p2a: Scizor
|-boost|p2a: Scizor|atk|2
|
|-damage|p2a: Scizor|49\/100|[from] Leech Seed|[of] p1a: malbread
|-heal|p1a: malbread|90\/100|[silent]
|upkeep
|turn|19
|inactive|MoreLikeHalberd has 30 seconds left this turn.
|inactive|MoreLikeHalberd has 20 seconds left.
|inactive|MoreLikeHalberd has 15 seconds left.
|inactive|MoreLikeHalberd has 10 seconds left.
|
|t:|1706658638
|move|p1a: malbread|Foul Play|p2a: Scizor
|-damage|p2a: Scizor|0 fnt
|faint|p2a: Scizor
|
|upkeep
|inactive|MoreLikeHalberd has 15 seconds left this turn.
|
|t:|1706658640
|switch|p2a: Porygon-Z|Porygon-Z, tera:Normal|71\/100
|-damage|p2a: Porygon-Z|59\/100|[from] Stealth Rock
|turn|20
|inactive|MoreLikeHalberd has 25 seconds left this turn.
|
|t:|1706658649
|switch|p1a: toaster|Jirachi|13\/100
|move|p2a: Porygon-Z|Thunderbolt|p1a: toaster
|-damage|p1a: toaster|0 fnt
|faint|p1a: toaster
|
|upkeep
|inactive|MoreLikeHalberd has 30 seconds left this turn.
|inactive|Ausxh has 60 seconds left.
|
|t:|1706658680
|switch|p1a: french toast|Regieleki|100\/100
|turn|21
|inactive|MoreLikeHalberd has 30 seconds left.
|inactive|MoreLikeHalberd has 20 seconds left.
|inactive|Ausxh has 30 seconds left.
|inactive|MoreLikeHalberd has 15 seconds left.
|inactive|MoreLikeHalberd has 10 seconds left.
|inactive|Ausxh has 20 seconds left.
|inactive|Ausxh has 15 seconds left.
|
|t:|1706658721
|switch|p2a: Krookodile|Krookodile, F|78\/100
|-damage|p2a: Krookodile|72\/100|[from] Stealth Rock
|-ability|p2a: Krookodile|Intimidate|boost
|-unboost|p1a: french toast|atk|1
|move|p1a: french toast|Tera Blast|p2a: Krookodile
|-damage|p2a: Krookodile|23\/100
|
|upkeep
|turn|22
|inactive|Ausxh has 25 seconds left this turn.
|inactive|MoreLikeHalberd has 20 seconds left this turn.
|inactive|MoreLikeHalberd has 15 seconds left.
|inactive|MoreLikeHalberd has 10 seconds left.
|
|t:|1706658734
|move|p1a: french toast|Tera Blast|p2a: Krookodile
|-damage|p2a: Krookodile|0 fnt
|faint|p2a: Krookodile
|
|upkeep
|inactive|Ausxh has 30 seconds left this turn.
|inactive|MoreLikeHalberd has 15 seconds left this turn.
|
|t:|1706658738
|switch|p2a: Deoxys|Deoxys-Speed|88\/100
|-damage|p2a: Deoxys|76\/100|[from] Stealth Rock
|-ability|p2a: Deoxys|Pressure
|turn|23
|inactive|MoreLikeHalberd has 25 seconds left this turn.
|inactive|MoreLikeHalberd has 20 seconds left.
|inactive|Ausxh has 30 seconds left.
|
|t:|1706658752
|switch|p1a: un bread|Banette-Mega, F|100\/100
|move|p2a: Deoxys|Stealth Rock|p1a: un bread
|-sidestart|p1: Ausxh|move: Stealth Rock
|
|upkeep
|turn|24
|inactive|MoreLikeHalberd has 30 seconds left this turn.
|inactive|Ausxh has 30 seconds left.
|inactive|MoreLikeHalberd has 20 seconds left.
|
|t:|1706658772
|move|p1a: un bread|Shadow Sneak|p2a: Deoxys
|-supereffective|p2a: Deoxys
|-damage|p2a: Deoxys|12\/100
|move|p2a: Deoxys|Taunt|p1a: un bread
|-start|p1a: un bread|move: Taunt
|
|upkeep
|turn|25
|inactive|MoreLikeHalberd has 30 seconds left this turn.
|inactive|Ausxh has 30 seconds left.
|
|t:|1706658778
|switch|p1a: I like meloetta|Meloetta|100\/100
|-damage|p1a: I like meloetta|88\/100|[from] Stealth Rock
|move|p2a: Deoxys|Psycho Boost|p1a: I like meloetta
|-resisted|p1a: I like meloetta
|-damage|p1a: I like meloetta|73\/100
|-unboost|p2a: Deoxys|spa|2
|
|-heal|p1a: I like meloetta|79\/100|[from] item: Leftovers
|upkeep
|turn|26
|inactive|MoreLikeHalberd has 30 seconds left.
|inactive|Ausxh has 30 seconds left.
|inactive|MoreLikeHalberd has 20 seconds left.
|inactive|Ausxh has 20 seconds left.
|
|t:|1706658799
|move|p2a: Deoxys|Spikes|p1a: I like meloetta
|-sidestart|p1: Ausxh|Spikes
|move|p1a: I like meloetta|Knock Off|p2a: Deoxys
|-supereffective|p2a: Deoxys
|-damage|p2a: Deoxys|0 fnt
|-enditem|p2a: Deoxys|Focus Sash|[from] move: Knock Off|[of] p1a: I like meloetta
|faint|p2a: Deoxys
|
|-heal|p1a: I like meloetta|85\/100|[from] item: Leftovers
|upkeep
|inactive|Ausxh has 25 seconds left this turn.
|inactive|MoreLikeHalberd has 25 seconds left this turn.
|inactive|MoreLikeHalberd has 20 seconds left.
|
|t:|1706658806
|switch|p2a: Dondozo|Dondozo, M|100\/100 slp
|-damage|p2a: Dondozo|88\/100 slp|[from] Stealth Rock
|turn|27
|inactive|MoreLikeHalberd has 30 seconds left this turn.
|inactive|Ausxh has 30 seconds left.
|
|t:|1706658815
|move|p1a: I like meloetta|U-turn|p2a: Dondozo
|-damage|p2a: Dondozo|82\/100 slp
|
|t:|1706658817
|switch|p1a: un bread|Banette-Mega, F|100\/100|[from] U-turn
|-damage|p1a: un bread|88\/100|[from] Stealth Rock
|-damage|p1a: un bread|76\/100|[from] Spikes
|cant|p2a: Dondozo|slp
|move|p2a: Dondozo|Sleep Talk|p2a: Dondozo
|move|p2a: Dondozo|Curse|p2a: Dondozo|[from]move: Sleep Talk
|-unboost|p2a: Dondozo|spe|1
|-boost|p2a: Dondozo|atk|1
|-boost|p2a: Dondozo|def|1
|
|-heal|p2a: Dondozo|88\/100 slp|[from] item: Leftovers
|upkeep
|turn|28
|
|t:|1706658831
|move|p1a: un bread|Taunt|p2a: Dondozo
|-start|p2a: Dondozo|move: Taunt
|cant|p2a: Dondozo|slp
|cant|p2a: Dondozo|move: Taunt|Sleep Talk
|
|-heal|p2a: Dondozo|94\/100 slp|[from] item: Leftovers
|upkeep
|turn|29
|
|t:|1706658843
|move|p1a: un bread|Destiny Bond|p1a: un bread
|-singlemove|p1a: un bread|Destiny Bond
|-curestatus|p2a: Dondozo|slp|[msg]
|move|p2a: Dondozo|Liquidation|p1a: un bread
|-damage|p1a: un bread|5\/100
|
|-heal|p2a: Dondozo|99\/100|[from] item: Leftovers
|upkeep
|turn|30
|
|t:|1706658855
|switch|p2a: Porygon-Z|Porygon-Z, tera:Normal|59\/100
|-damage|p2a: Porygon-Z|46\/100|[from] Stealth Rock
|move|p1a: un bread|Poltergeist|p2a: Porygon-Z
|-immune|p2a: Porygon-Z
|
|upkeep
|turn|31
|
|t:|1706658867
|move|p1a: un bread|Destiny Bond|p1a: un bread
|-singlemove|p1a: un bread|Destiny Bond
|move|p2a: Porygon-Z|Thunderbolt|p1a: un bread
|-damage|p1a: un bread|0 fnt
|faint|p1a: un bread
|-activate|p1a: un bread|move: Destiny Bond
|faint|p2a: Porygon-Z
|
|upkeep
|inactive|Ausxh has 60 seconds left.
|
|t:|1706658885
|switch|p2a: Dondozo|Dondozo, M|99\/100
|switch|p1a: french toast|Regieleki|100\/100
|-damage|p1a: french toast|88\/100|[from] Stealth Rock
|-damage|p1a: french toast|76\/100|[from] Spikes
|-damage|p2a: Dondozo|88\/100|[from] Stealth Rock
|turn|32
|inactive|Ausxh has 60 seconds left.
|inactive|MoreLikeHalberd has 60 seconds left.
|
|t:|1706658903
|move|p1a: french toast|Thunderbolt|p2a: Dondozo
|-supereffective|p2a: Dondozo
|-damage|p2a: Dondozo|0 fnt
|faint|p2a: Dondozo
|
|win|Ausxh
|c|☆Ausxh|ggs
|c|☆MoreLikeHalberd|lol ggs

</script>
</div>
<div class="battle-log battle-log-inline"><div class="inner"><div class="battle-options"></div><div class="inner message-log"><div class="chat"><small>☆Ausxh and ☆MoreLikeHalberd joined</small></div><div class=""><small>Format:</small> <br><strong>[Gen 9] NatDex Draft</strong></div><div class=""><small><em>Sleep Clause Mod:</em> Limit one foe put to sleep</small></div><div class=""><small><em>OHKO Clause:</em> OHKO moves are banned</small></div><div class=""><small><em>Evasion Clause:</em> Evasion abilities, items, and moves are banned</small></div><div class=""><small><em>Evasion Abilities Clause:</em> Evasion abilities are banned</small></div><div class=""><small><em>Evasion Items Clause:</em> Evasion items are banned</small></div><div class=""><small><em>Evasion Moves Clause:</em> Evasion moves are banned</small></div><div class=""><small><em>Endless Battle Clause:</em> Forcing endless battles is banned</small></div><div class=""><small><em>HP Percentage Mod:</em> HP is shown in percentages</small></div><div class="chat battle-history"><strong>Ausxh's team:</strong> <em style="color:#445566;display:block;">Mandibuzz / Regieleki / Meloetta / Banette / Jirachi / Ogerpon-Wellspring</em></div><div class="chat battle-history"><strong>MoreLikeHalberd's team:</strong> <em style="color:#445566;display:block;">Giratina-Origin / Deoxys-Speed / Scizor / Dondozo / Krookodile / Porygon-Z</em></div><div class="chat message-error">Battle timer is ON: inactive players will automatically lose when time's up. (requested by Ausxh)</div><div class="chat message-error">Battle timer is now OFF.</div><div class="chat"><small> ChillerFrost joined</small></div><div class="chat chatmessage-ausxh"><strong style="color:#1d7ab4"><small>☆</small><span class="username" data-name="Ausxh">Ausxh</span>:</strong> <em>I'll get the replay after</em></div><div class="chat chatmessage-morelikehalberd"><strong style="color:#177bd9"><small>☆</small><span class="username" data-name="MoreLikeHalberd">MoreLikeHalberd</span>:</strong> <em>oki</em></div><div class="chat chatmessage-chillerfrost"><strong style="color:#2aaa9b"><small> </small><span class="username" data-name="ChillerFrost">ChillerFrost</span>:</strong> <em>kevin im making you a team one of these weeks so there's some variance</em></div><div class="chat chatmessage-morelikehalberd"><strong style="color:#177bd9"><small>☆</small><span class="username" data-name="MoreLikeHalberd">MoreLikeHalberd</span>:</strong> <em>lmao</em></div><div class="chat"><small> daotxtoad joined</small></div><div class="chat chatmessage-morelikehalberd"><strong style="color:#177bd9"><small>☆</small><span class="username" data-name="MoreLikeHalberd">MoreLikeHalberd</span>:</strong> <em>i just like using pokemon i like tbh</em></div><div class="chat"><small> not serendipidu,  Phantom0rion, and  Conundromic joined</small></div><div class="chat chatmessage-ausxh"><strong style="color:#1d7ab4"><small>☆</small><span class="username" data-name="Ausxh">Ausxh</span>:</strong> <em>you know that's the whole point of the draft lol</em></div><div class="chat chatmessage-ausxh"><strong style="color:#1d7ab4"><small>☆</small><span class="username" data-name="Ausxh">Ausxh</span>:</strong> <em>alright r?</em></div><div class="chat chatmessage-morelikehalberd"><strong style="color:#177bd9"><small>☆</small><span class="username" data-name="MoreLikeHalberd">MoreLikeHalberd</span>:</strong> <em>yessir</em></div><div class="chat message-error">Battle timer is ON: inactive players will automatically lose when time's up. (requested by Ausxh)</div><div class="spacer battle-history"><br></div><div class="battle-history">Battle started between Ausxh and MoreLikeHalberd!<br></div><div class="spacer battle-history"><br></div><div class="battle-history">Go! un bread (<strong>Banette</strong>)!<br></div><div class="spacer battle-history"><br></div><div class="battle-history">MoreLikeHalberd sent out Deoxys (<strong>Deoxys-Speed</strong>)!<br></div><div class="battle-history">[The opposing Deoxys's Pressure]<br><small>The opposing Deoxys is exerting its pressure!</small><br></div><div class="battle-history">[un bread's Frisk]<br><small>un bread frisked the opposing Deoxys and found its Focus Sash!</small><br></div><div class="spacer battle-history"><br></div><h2 class="battle-history">Turn 1</h2><div class="chat chatmessage-ausxh"><strong style="color:#1d7ab4"><small>☆</small><span class="username" data-name="Ausxh">Ausxh</span>:</strong> <em>kk</em></div><div class="chat message-error">MoreLikeHalberd has 270 seconds left.</div><div class="spacer battle-history"><br></div><div class="battle-history"><small>un bread's Banettite is reacting to the Key Stone!</small><br>un bread has Mega Evolved into Mega Banette!<br></div><div class="spacer battle-history"><br></div><div class="battle-history">un bread used <strong>Taunt</strong>!<br></div><div class="battle-history"><small>The opposing Deoxys fell for the taunt!</small><br></div><div class="spacer battle-history"><br></div><div class="battle-history">The opposing Deoxys can't use Stealth Rock after the taunt!<br></div><div class="spacer battle-history"><br></div><h2 class="battle-history">Turn 2</h2><div class="chat message-error">MoreLikeHalberd has 270 seconds left.</div><div class="spacer battle-history"><br></div><div class="battle-history">MoreLikeHalberd withdrew Deoxys!<br></div><div class="battle-history">MoreLikeHalberd sent out <strong>Porygon-Z</strong>!<br></div><div class="spacer battle-history"><br></div><div class="battle-history">un bread used <strong>Poltergeist</strong>!<br></div><div class="battle-history"><small>It doesn't affect the opposing Porygon-Z...</small><br></div><div class="spacer battle-history"><br></div><h2 class="battle-history">Turn 3</h2><div class="chat chatmessage-ausxh"><strong style="color:#1d7ab4"><small>☆</small><span class="username" data-name="Ausxh">Ausxh</span>:</strong> <em>:o</em></div><div class="chat chatmessage-morelikehalberd"><strong style="color:#177bd9"><small>☆</small><span class="username" data-name="MoreLikeHalberd">MoreLikeHalberd</span>:</strong> <em>:0</em></div><div class="chat message-error">Ausxh has 270 seconds left.</div><div class="spacer battle-history"><br></div><div class="battle-history">un bread, come back!<br></div><div class="battle-history">Go! I like meloetta (<strong>Meloetta</strong>)!<br></div><div class="spacer battle-history"><br></div><div class="battle-history">The opposing Porygon-Z used <strong>Shadow Ball</strong>!<br></div><div class="battle-history"><small>It doesn't affect I like meloetta...</small><br></div><div class="spacer battle-history"><br></div><h2 class="battle-history">Turn 4</h2><div class="chat message-error">MoreLikeHalberd has 240 seconds left.</div><div class="spacer battle-history"><br></div><div class="battle-history">MoreLikeHalberd withdrew Porygon-Z!<br></div><div class="battle-history">MoreLikeHalberd sent out <strong>Scizor</strong>!<br></div><div class="spacer battle-history"><br></div><div class="battle-history">I like meloetta used <strong>Knock Off</strong>!<br></div><div class="battle-history"><small>(The opposing Scizor lost 9% of its health!)</small><br></div><div class="spacer battle-history"><br></div><h2 class="battle-history">Turn 5</h2><div class="chat message-error">MoreLikeHalberd has 210 seconds left.</div><div class="chat message-error">Ausxh has 240 seconds left.</div><div class="spacer battle-history"><br></div><div class="battle-history"><small>The opposing Scizor's Scizorite is reacting to the Key Stone!</small><br>The opposing Scizor has Mega Evolved into Mega Scizor!<br></div><div class="spacer battle-history"><br></div><div class="battle-history">I like meloetta used <strong>U-turn</strong>!<br></div><div class="battle-history"><small>It's not very effective...</small><br></div><div class="battle-history"><small>(The opposing Scizor lost 5% of its health!)</small><br></div><div class="spacer battle-history"><br></div><div class="battle-history">I like meloetta went back to Ausxh!<br></div><div class="battle-history">Go! toaster (<strong>Jirachi</strong>)!<br></div><div class="spacer battle-history"><br></div><div class="battle-history">The opposing Scizor used <strong>U-turn</strong>!<br></div><div class="battle-history"><small>(toaster lost 29% of its health!)</small><br></div><div class="chat message-error">MoreLikeHalberd has 210 seconds left.</div><div class="spacer battle-history"><br></div><div class="battle-history">The opposing Scizor went back to MoreLikeHalberd!<br></div><div class="battle-history">MoreLikeHalberd sent out <strong>Porygon-Z</strong>!<br></div><div class="spacer battle-history"><br></div><h2 class="battle-history">Turn 6</h2><div class="chat message-error">Ausxh has 240 seconds left.</div><div class="chat message-error">MoreLikeHalberd has 180 seconds left.</div><div class="chat message-error">Ausxh has 210 seconds left.</div><div class="spacer battle-history"><br></div><div class="battle-history"><small>The opposing Porygon-Z has Terastallized into the Normal-type!</small><br></div><div class="spacer battle-history"><br></div><div class="battle-history">The opposing Porygon-Z used <strong>Tri Attack</strong>!<br></div><div class="battle-history"><small>It's not very effective...</small><br></div><div class="battle-history"><small>(toaster lost 29% of its health!)</small><br></div><div class="spacer battle-history"><br></div><div class="battle-history">toaster used <strong>Stealth Rock</strong>!<br></div><div class="battle-history"><small>Pointed stones float in the air around the opposing team!</small><br></div><div class="spacer battle-history"><br></div><h2 class="battle-history">Turn 7</h2><div class="chat message-error">MoreLikeHalberd has 150 seconds left.</div><div class="chat message-error">Ausxh has 180 seconds left.</div><div class="chat message-error">Ausxh has 150 seconds left.</div><div class="spacer battle-history"><br></div><div class="battle-history">The opposing Porygon-Z used <strong>Tri Attack</strong>!<br></div><div class="battle-history"><small>It's not very effective...</small><br></div><div class="battle-history"><small>(toaster lost 29% of its health!)</small><br></div><div class="spacer battle-history"><br></div><div class="battle-history">toaster used <strong>Wish</strong>!<br></div><div class="spacer battle-history"><br></div><h2 class="battle-history">Turn 8</h2><div class="chat message-error">Ausxh has 150 seconds left.</div><div class="spacer battle-history"><br></div><div class="battle-history">toaster, come back!<br></div><div class="battle-history">Go! un bread (<strong>Banette-Mega</strong>)!<br></div><div class="spacer battle-history"><br></div><div class="battle-history">The opposing Porygon-Z used <strong>Tri Attack</strong>!<br></div><div class="battle-history"><small>It doesn't affect un bread...</small><br></div><div class="spacer battle-history"><br></div><h2 class="battle-history">Turn 9</h2><div class="chat message-error">MoreLikeHalberd has 120 seconds left.</div><div class="chat message-error">Ausxh has 120 seconds left.</div><div class="spacer battle-history"><br></div><div class="battle-history">MoreLikeHalberd withdrew Porygon-Z!<br></div><div class="battle-history">MoreLikeHalberd sent out <strong>Krookodile</strong>!<br></div><div class="battle-history"><small>Pointed stones dug into the opposing Krookodile!</small><br></div><div class="battle-history">[The opposing Krookodile's Intimidate]<br></div><div class="battle-history"><small>un bread's Attack fell!</small><br></div><div class="spacer battle-history"><br></div><div class="battle-history">un bread used <strong>Taunt</strong>!<br></div><div class="battle-history"><small>(Since gen 7, Dark is immune to Prankster moves.)</small><br></div><div class="battle-history"><small>It doesn't affect the opposing Krookodile...</small><br></div><div class="spacer battle-history"><br></div><h2 class="battle-history">Turn 10</h2><div class="chat message-error">Ausxh has 120 seconds left.</div><div class="chat message-error">MoreLikeHalberd has 90 seconds left.</div><div class="spacer battle-history"><br></div><div class="battle-history">un bread, come back!<br></div><div class="battle-history">Go! malbread (<strong>Mandibuzz</strong>)!<br></div><div class="spacer battle-history"><br></div><div class="battle-history">The opposing Krookodile used <strong>Knock Off</strong>!<br></div><div class="battle-history"><small>It's not very effective...</small><br></div><div class="battle-history"><small>(malbread lost 20% of its health!)</small><br></div><div class="battle-history"><small>The opposing Krookodile was hurt by the Rocky Helmet!</small><br></div><div class="battle-history"><small>The opposing Krookodile knocked off malbread's Rocky Helmet!</small><br></div><div class="spacer battle-history"><br></div><h2 class="battle-history">Turn 11</h2><div class="chat message-error">Ausxh has 120 seconds left.</div><div class="chat message-error">MoreLikeHalberd has 90 seconds left.</div><div class="chat chatmessage-morelikehalberd"><strong style="color:#177bd9"><small>☆</small><span class="username" data-name="MoreLikeHalberd">MoreLikeHalberd</span>:</strong> <em>malbread ;-;</em></div><div class="chat"><small> Ocarina919 joined</small></div><div class="chat chatmessage-ausxh"><strong style="color:#1d7ab4"><small>☆</small><span class="username" data-name="Ausxh">Ausxh</span>:</strong> <em>loll</em></div><div class="chat message-error">MoreLikeHalberd has 60 seconds left.</div><div class="spacer battle-history"><br></div><div class="battle-history">MoreLikeHalberd withdrew Krookodile!<br></div><div class="battle-history">MoreLikeHalberd sent out <strong>Porygon-Z</strong>!<br></div><div class="battle-history"><small>Pointed stones dug into the opposing Porygon-Z!</small><br></div><div class="spacer battle-history"><br></div><div class="battle-history">malbread used <strong>U-turn</strong>!<br></div><div class="battle-history"><small>(The opposing Porygon-Z lost 17% of its health!)</small><br></div><div class="chat message-error">Ausxh has 90 seconds left.</div><div class="chat"><small> Crown Oji joined</small></div><div class="chat message-error">Ausxh has 60 seconds left.</div><div class="spacer battle-history"><br></div><div class="battle-history">malbread went back to Ausxh!<br></div><div class="battle-history">Go! soggy bread :( (<strong>Ogerpon-Wellspring</strong>)!<br></div><div class="spacer battle-history"><br></div><h2 class="battle-history">Turn 12</h2><div class="chat message-error">MoreLikeHalberd has 60 seconds left.</div><div class="chat chatmessage-chillerfrost"><strong style="color:#2aaa9b"><small> </small><span class="username" data-name="ChillerFrost">ChillerFrost</span>:</strong> <em>oh god soggy bread</em></div><div class="spacer battle-history"><br></div><div class="battle-history">soggy bread :(, come back!<br></div><div class="battle-history">Go! un bread (<strong>Banette-Mega</strong>)!<br></div><div class="spacer battle-history"><br></div><div class="battle-history">The opposing Porygon-Z used <strong>Hyper Beam</strong>!<br></div><div class="battle-history"><small>It doesn't affect un bread...</small><br></div><div class="spacer battle-history"><br></div><h2 class="battle-history">Turn 13</h2><div class="chat chatmessage-ausxh"><strong style="color:#1d7ab4"><small>☆</small><span class="username" data-name="Ausxh">Ausxh</span>:</strong> <em>=)</em></div><div class="chat chatmessage-morelikehalberd"><strong style="color:#177bd9"><small>☆</small><span class="username" data-name="MoreLikeHalberd">MoreLikeHalberd</span>:</strong> <em>LMFAO</em></div><div class="chat chatmessage-morelikehalberd"><strong style="color:#177bd9"><small>☆</small><span class="username" data-name="MoreLikeHalberd">MoreLikeHalberd</span>:</strong> <em>nice bait</em></div><div class="chat chatmessage-ausxh"><strong style="color:#1d7ab4"><small>☆</small><span class="username" data-name="Ausxh">Ausxh</span>:</strong> <em>haha</em></div><div class="chat message-error">MoreLikeHalberd has 30 seconds left.</div><div class="spacer battle-history"><br></div><div class="battle-history">MoreLikeHalberd withdrew Porygon-Z!<br></div><div class="battle-history">MoreLikeHalberd sent out Giratina (<strong>Giratina-Origin</strong>)!<br></div><div class="battle-history"><small>Pointed stones dug into the opposing Giratina!</small><br></div><div class="spacer battle-history"><br></div><div class="battle-history">un bread used <strong>Poltergeist</strong>!<br></div><div class="battle-history"><small>The opposing Giratina is about to be attacked by its Griseous Core!</small><br></div><div class="battle-history"><small>It's super effective!</small><br></div><div class="battle-history"><small>(The opposing Giratina lost 88% of its health!)</small><br></div><div class="spacer battle-history"><br></div><div class="battle-history">The opposing Giratina fainted!<br></div><div class="chat message-error">MoreLikeHalberd has 30 seconds left.</div><div class="chat chatmessage-morelikehalberd"><strong style="color:#177bd9"><small>☆</small><span class="username" data-name="MoreLikeHalberd">MoreLikeHalberd</span>:</strong> <em>i'm retiring</em></div><div class="chat message-error">MoreLikeHalberd has 20 seconds left.</div><div class="chat message-error">MoreLikeHalberd has 15 seconds left.</div><div class="spacer battle-history"><br></div><div class="battle-history">MoreLikeHalberd sent out Deoxys (<strong>Deoxys-Speed</strong>)!<br></div><div class="battle-history"><small>Pointed stones dug into the opposing Deoxys!</small><br></div><div class="battle-history">[The opposing Deoxys's Pressure]<br><small>The opposing Deoxys is exerting its pressure!</small><br></div><div class="spacer battle-history"><br></div><h2 class="battle-history">Turn 14</h2><div class="chat message-error">MoreLikeHalberd has 25 seconds left this turn.</div><div class="spacer battle-history"><br></div><div class="battle-history">un bread used <strong>Taunt</strong>!<br></div><div class="battle-history"><small>The opposing Deoxys fell for the taunt!</small><br></div><div class="spacer battle-history"><br></div><div class="battle-history">The opposing Deoxys can't use Stealth Rock after the taunt!<br></div><div class="spacer battle-history"><br></div><h2 class="battle-history">Turn 15</h2><div class="chat message-error">Ausxh has 90 seconds left.</div><div class="chat message-error">MoreLikeHalberd has 30 seconds left.</div><div class="spacer battle-history"><br></div><div class="battle-history">MoreLikeHalberd withdrew Deoxys!<br></div><div class="battle-history">MoreLikeHalberd sent out <strong>Dondozo</strong>!<br></div><div class="battle-history"><small>Pointed stones dug into the opposing Dondozo!</small><br></div><div class="spacer battle-history"><br></div><div class="battle-history">un bread used <strong>Poltergeist</strong>!<br></div><div class="battle-history"><small>The opposing Dondozo is about to be attacked by its Leftovers!</small><br></div><div class="battle-history"><small>(The opposing Dondozo lost 36% of its health!)</small><br></div><div class="spacer battle-history"><br></div><div class="battle-history"><small>The opposing Dondozo restored a little HP using its Leftovers!</small><br></div><div class="spacer battle-history"><br></div><h2 class="battle-history">Turn 16</h2><div class="chat message-error">MoreLikeHalberd has 30 seconds left.</div><div class="chat message-error">Ausxh has 90 seconds left.</div><div class="chat message-error">MoreLikeHalberd has 20 seconds left.</div><div class="spacer battle-history"><br></div><div class="battle-history">un bread, come back!<br></div><div class="battle-history">Go! soggy bread :( (<strong>Ogerpon-Wellspring</strong>)!<br></div><div class="spacer battle-history"><br></div><div class="battle-history">The opposing Dondozo used <strong>Rest</strong>!<br></div><div class="battle-history"><small>The opposing Dondozo slept and became healthy!</small><br></div><div class="spacer battle-history"><br></div><h2 class="battle-history">Turn 17</h2><div class="chat message-error">MoreLikeHalberd has 30 seconds left this turn.</div><div class="spacer battle-history"><br></div><div class="battle-history">MoreLikeHalberd withdrew Dondozo!<br></div><div class="battle-history">MoreLikeHalberd sent out Scizor (<strong>Scizor-Mega</strong>)!<br></div><div class="battle-history"><small>Pointed stones dug into the opposing Scizor!</small><br></div><div class="spacer battle-history"><br></div><div class="battle-history">soggy bread :( used <strong>Leech Seed</strong>!<br></div><div class="battle-history"><small>The opposing Scizor was seeded!</small><br></div><div class="spacer battle-history"><br></div><div class="battle-history"><small>The opposing Scizor's health is sapped by Leech Seed!</small><br></div><div class="spacer battle-history"><br></div><h2 class="battle-history">Turn 18</h2><div class="chat message-error">MoreLikeHalberd has 30 seconds left.</div><div class="chat message-error">Ausxh has 90 seconds left.</div><div class="chat message-error">MoreLikeHalberd has 20 seconds left.</div><div class="chat"><small>☆Ausxh left</small></div><div class="chat message-error">Ausxh disconnected and has 300 seconds to reconnect!</div><div class="chat"><small>☆Ausxh joined</small></div><div class="chat message-error">Ausxh reconnected and has 85 seconds left.</div><div class="chat message-error">Ausxh has 60 seconds left.</div><div class="chat"><small>☆Ausxh left</small></div><div class="chat message-error">Ausxh disconnected and has 295 seconds to reconnect!</div><div class="chat"><small>☆Ausxh joined</small></div><div class="chat message-error">Ausxh reconnected and has 60 seconds left.</div><div class="spacer battle-history"><br></div><div class="battle-history">soggy bread :(, come back!<br></div><div class="battle-history">Go! malbread (<strong>Mandibuzz</strong>)!<br></div><div class="spacer battle-history"><br></div><div class="battle-history">The opposing Scizor used <strong>Swords Dance</strong>!<br></div><div class="battle-history"><small>The opposing Scizor's Attack rose sharply!</small><br></div><div class="spacer battle-history"><br></div><div class="battle-history"><small>The opposing Scizor's health is sapped by Leech Seed!</small><br></div><div class="spacer battle-history"><br></div><h2 class="battle-history">Turn 19</h2><div class="chat message-error">MoreLikeHalberd has 30 seconds left this turn.</div><div class="chat message-error">MoreLikeHalberd has 20 seconds left.</div><div class="chat message-error">MoreLikeHalberd has 15 seconds left.</div><div class="chat message-error">MoreLikeHalberd has 10 seconds left.</div><div class="spacer battle-history"><br></div><div class="battle-history">malbread used <strong>Foul Play</strong>!<br></div><div class="battle-history"><small>(The opposing Scizor lost 49% of its health!)</small><br></div><div class="spacer battle-history"><br></div><div class="battle-history">The opposing Scizor fainted!<br></div><div class="chat message-error">MoreLikeHalberd has 15 seconds left this turn.</div><div class="spacer battle-history"><br></div><div class="battle-history">MoreLikeHalberd sent out <strong>Porygon-Z</strong>!<br></div><div class="battle-history"><small>Pointed stones dug into the opposing Porygon-Z!</small><br></div><div class="spacer battle-history"><br></div><h2 class="battle-history">Turn 20</h2><div class="chat message-error">MoreLikeHalberd has 25 seconds left this turn.</div><div class="spacer battle-history"><br></div><div class="battle-history">malbread, come back!<br></div><div class="battle-history">Go! toaster (<strong>Jirachi</strong>)!<br></div><div class="spacer battle-history"><br></div><div class="battle-history">The opposing Porygon-Z used <strong>Thunderbolt</strong>!<br></div><div class="battle-history"><small>(toaster lost 13% of its health!)</small><br></div><div class="spacer battle-history"><br></div><div class="battle-history">toaster fainted!<br></div><div class="chat message-error">MoreLikeHalberd has 30 seconds left this turn.</div><div class="chat message-error">Ausxh has 60 seconds left.</div><div class="spacer battle-history"><br></div><div class="battle-history">Go! french toast (<strong>Regieleki</strong>)!<br></div><div class="spacer battle-history"><br></div><h2 class="battle-history">Turn 21</h2><div class="chat message-error">MoreLikeHalberd has 30 seconds left.</div><div class="chat message-error">MoreLikeHalberd has 20 seconds left.</div><div class="chat message-error">Ausxh has 30 seconds left.</div><div class="chat message-error">MoreLikeHalberd has 15 seconds left.</div><div class="chat message-error">MoreLikeHalberd has 10 seconds left.</div><div class="chat message-error">Ausxh has 20 seconds left.</div><div class="chat message-error">Ausxh has 15 seconds left.</div><div class="spacer battle-history"><br></div><div class="battle-history">MoreLikeHalberd withdrew Porygon-Z!<br></div><div class="battle-history">MoreLikeHalberd sent out <strong>Krookodile</strong>!<br></div><div class="battle-history"><small>Pointed stones dug into the opposing Krookodile!</small><br></div><div class="battle-history">[The opposing Krookodile's Intimidate]<br></div><div class="battle-history"><small>french toast's Attack fell!</small><br></div><div class="spacer battle-history"><br></div><div class="battle-history">french toast used <strong>Tera Blast</strong>!<br></div><div class="battle-history"><small>(The opposing Krookodile lost 49% of its health!)</small><br></div><div class="spacer battle-history"><br></div><h2 class="battle-history">Turn 22</h2><div class="chat message-error">Ausxh has 25 seconds left this turn.</div><div class="chat message-error">MoreLikeHalberd has 20 seconds left this turn.</div><div class="chat message-error">MoreLikeHalberd has 15 seconds left.</div><div class="chat message-error">MoreLikeHalberd has 10 seconds left.</div><div class="spacer battle-history"><br></div><div class="battle-history">french toast used <strong>Tera Blast</strong>!<br></div><div class="battle-history"><small>(The opposing Krookodile lost 23% of its health!)</small><br></div><div class="spacer battle-history"><br></div><div class="battle-history">The opposing Krookodile fainted!<br></div><div class="chat message-error">Ausxh has 30 seconds left this turn.</div><div class="chat message-error">MoreLikeHalberd has 15 seconds left this turn.</div><div class="spacer battle-history"><br></div><div class="battle-history">MoreLikeHalberd sent out Deoxys (<strong>Deoxys-Speed</strong>)!<br></div><div class="battle-history"><small>Pointed stones dug into the opposing Deoxys!</small><br></div><div class="battle-history">[The opposing Deoxys's Pressure]<br><small>The opposing Deoxys is exerting its pressure!</small><br></div><div class="spacer battle-history"><br></div><h2 class="battle-history">Turn 23</h2><div class="chat message-error">MoreLikeHalberd has 25 seconds left this turn.</div><div class="chat message-error">MoreLikeHalberd has 20 seconds left.</div><div class="chat message-error">Ausxh has 30 seconds left.</div><div class="spacer battle-history"><br></div><div class="battle-history">french toast, come back!<br></div><div class="battle-history">Go! un bread (<strong>Banette-Mega</strong>)!<br></div><div class="spacer battle-history"><br></div><div class="battle-history">The opposing Deoxys used <strong>Stealth Rock</strong>!<br></div><div class="battle-history"><small>Pointed stones float in the air around your team!</small><br></div><div class="spacer battle-history"><br></div><h2 class="battle-history">Turn 24</h2><div class="chat message-error">MoreLikeHalberd has 30 seconds left this turn.</div><div class="chat message-error">Ausxh has 30 seconds left.</div><div class="chat message-error">MoreLikeHalberd has 20 seconds left.</div><div class="spacer battle-history"><br></div><div class="battle-history">un bread used <strong>Shadow Sneak</strong>!<br></div><div class="battle-history"><small>It's super effective!</small><br></div><div class="battle-history"><small>(The opposing Deoxys lost 64% of its health!)</small><br></div><div class="spacer battle-history"><br></div><div class="battle-history">The opposing Deoxys used <strong>Taunt</strong>!<br></div><div class="battle-history"><small>un bread fell for the taunt!</small><br></div><div class="spacer battle-history"><br></div><h2 class="battle-history">Turn 25</h2><div class="chat message-error">MoreLikeHalberd has 30 seconds left this turn.</div><div class="chat message-error">Ausxh has 30 seconds left.</div><div class="spacer battle-history"><br></div><div class="battle-history">un bread, come back!<br></div><div class="battle-history">Go! I like meloetta (<strong>Meloetta</strong>)!<br></div><div class="battle-history"><small>Pointed stones dug into I like meloetta!</small><br></div><div class="spacer battle-history"><br></div><div class="battle-history">The opposing Deoxys used <strong>Psycho Boost</strong>!<br></div><div class="battle-history"><small>It's not very effective...</small><br></div><div class="battle-history"><small>(I like meloetta lost 15% of its health!)</small><br></div><div class="battle-history"><small>The opposing Deoxys's Sp. Atk fell harshly!</small><br></div><div class="spacer battle-history"><br></div><div class="battle-history"><small>I like meloetta restored a little HP using its Leftovers!</small><br></div><div class="spacer battle-history"><br></div><h2 class="battle-history">Turn 26</h2><div class="chat message-error">MoreLikeHalberd has 30 seconds left.</div><div class="chat message-error">Ausxh has 30 seconds left.</div><div class="chat message-error">MoreLikeHalberd has 20 seconds left.</div><div class="chat message-error">Ausxh has 20 seconds left.</div><div class="spacer battle-history"><br></div><div class="battle-history">The opposing Deoxys used <strong>Spikes</strong>!<br></div><div class="battle-history"><small>Spikes were scattered on the ground all around your team!</small><br></div><div class="spacer battle-history"><br></div><div class="battle-history">I like meloetta used <strong>Knock Off</strong>!<br></div><div class="battle-history"><small>It's super effective!</small><br></div><div class="battle-history"><small>(The opposing Deoxys lost 12% of its health!)</small><br></div><div class="battle-history"><small>I like meloetta knocked off the opposing Deoxys's Focus Sash!</small><br></div><div class="spacer battle-history"><br></div><div class="battle-history">The opposing Deoxys fainted!<br></div><div class="spacer battle-history"><br></div><div class="battle-history"><small>I like meloetta restored a little HP using its Leftovers!</small><br></div><div class="chat message-error">Ausxh has 25 seconds left this turn.</div><div class="chat message-error">MoreLikeHalberd has 25 seconds left this turn.</div><div class="chat message-error">MoreLikeHalberd has 20 seconds left.</div><div class="spacer battle-history"><br></div><div class="battle-history">MoreLikeHalberd sent out <strong>Dondozo</strong>!<br></div><div class="battle-history"><small>Pointed stones dug into the opposing Dondozo!</small><br></div><div class="spacer battle-history"><br></div><h2 class="battle-history">Turn 27</h2><div class="chat message-error">MoreLikeHalberd has 30 seconds left this turn.</div><div class="chat message-error">Ausxh has 30 seconds left.</div><div class="spacer battle-history"><br></div><div class="battle-history">I like meloetta used <strong>U-turn</strong>!<br></div><div class="battle-history"><small>(The opposing Dondozo lost 6% of its health!)</small><br></div><div class="spacer battle-history"><br></div><div class="battle-history">I like meloetta went back to Ausxh!<br></div><div class="battle-history">Go! un bread (<strong>Banette-Mega</strong>)!<br></div><div class="battle-history"><small>Pointed stones dug into un bread!</small><br></div><div class="battle-history"><small>un bread was hurt by the spikes!</small><br></div><div class="spacer battle-history"><br></div><div class="battle-history">The opposing Dondozo is fast asleep.<br></div><div class="spacer battle-history"><br></div><div class="battle-history">The opposing Dondozo used <strong>Sleep Talk</strong>!<br></div><div class="spacer battle-history"><br></div><div class="battle-history">The opposing Dondozo used <strong>Curse</strong>!<br></div><div class="battle-history"><small>The opposing Dondozo's Speed fell!</small><br></div><div class="battle-history"><small>The opposing Dondozo's Attack rose!</small><br></div><div class="battle-history"><small>The opposing Dondozo's Defense rose!</small><br></div><div class="spacer battle-history"><br></div><div class="battle-history"><small>The opposing Dondozo restored a little HP using its Leftovers!</small><br></div><div class="spacer battle-history"><br></div><h2 class="battle-history">Turn 28</h2><div class="spacer battle-history"><br></div><div class="battle-history">un bread used <strong>Taunt</strong>!<br></div><div class="battle-history"><small>The opposing Dondozo fell for the taunt!</small><br></div><div class="spacer battle-history"><br></div><div class="battle-history">The opposing Dondozo is fast asleep.<br></div><div class="spacer battle-history"><br></div><div class="battle-history">The opposing Dondozo can't use Sleep Talk after the taunt!<br></div><div class="spacer battle-history"><br></div><div class="battle-history"><small>The opposing Dondozo restored a little HP using its Leftovers!</small><br></div><div class="spacer battle-history"><br></div><h2 class="battle-history">Turn 29</h2><div class="spacer battle-history"><br></div><div class="battle-history">un bread used <strong>Destiny Bond</strong>!<br></div><div class="battle-history"><small>un bread is hoping to take its attacker down with it!</small><br></div><div class="battle-history"><small>The opposing Dondozo woke up!</small><br></div><div class="spacer battle-history"><br></div><div class="battle-history">The opposing Dondozo used <strong>Liquidation</strong>!<br></div><div class="battle-history"><small>(un bread lost 71% of its health!)</small><br></div><div class="spacer battle-history"><br></div><div class="battle-history"><small>The opposing Dondozo restored a little HP using its Leftovers!</small><br></div><div class="spacer battle-history"><br></div><h2 class="battle-history">Turn 30</h2><div class="spacer battle-history"><br></div><div class="battle-history">MoreLikeHalberd withdrew Dondozo!<br></div><div class="battle-history">MoreLikeHalberd sent out <strong>Porygon-Z</strong>!<br></div><div class="battle-history"><small>Pointed stones dug into the opposing Porygon-Z!</small><br></div><div class="spacer battle-history"><br></div><div class="battle-history">un bread used <strong>Poltergeist</strong>!<br></div><div class="battle-history"><small>It doesn't affect the opposing Porygon-Z...</small><br></div><div class="spacer battle-history"><br></div><h2 class="battle-history">Turn 31</h2><div class="spacer battle-history"><br></div><div class="battle-history">un bread used <strong>Destiny Bond</strong>!<br></div><div class="battle-history"><small>un bread is hoping to take its attacker down with it!</small><br></div><div class="spacer battle-history"><br></div><div class="battle-history">The opposing Porygon-Z used <strong>Thunderbolt</strong>!<br></div><div class="battle-history"><small>(un bread lost 5% of its health!)</small><br></div><div class="spacer battle-history"><br></div><div class="battle-history">un bread fainted!<br></div><div class="battle-history">un bread took its attacker down with it!<br></div><div class="spacer battle-history"><br></div><div class="battle-history">The opposing Porygon-Z fainted!<br></div><div class="chat message-error">Ausxh has 60 seconds left.</div><div class="spacer battle-history"><br></div><div class="battle-history">MoreLikeHalberd sent out <strong>Dondozo</strong>!<br></div><div class="spacer battle-history"><br></div><div class="battle-history">Go! french toast (<strong>Regieleki</strong>)!<br></div><div class="battle-history"><small>Pointed stones dug into french toast!</small><br></div><div class="battle-history"><small>french toast was hurt by the spikes!</small><br></div><div class="battle-history"><small>Pointed stones dug into the opposing Dondozo!</small><br></div><div class="spacer battle-history"><br></div><h2 class="battle-history">Turn 32</h2><div class="chat message-error">Ausxh has 60 seconds left.</div><div class="chat message-error">MoreLikeHalberd has 60 seconds left.</div><div class="spacer battle-history"><br></div><div class="battle-history">french toast used <strong>Thunderbolt</strong>!<br></div><div class="battle-history"><small>It's super effective!</small><br></div><div class="battle-history"><small>(The opposing Dondozo lost 88% of its health!)</small><br></div><div class="spacer battle-history"><br></div><div class="battle-history">The opposing Dondozo fainted!<br></div><div class="spacer battle-history"><br></div><div class="battle-history"><strong>Ausxh</strong> won the battle!<br></div><div class="chat chatmessage-ausxh"><strong style="color:#1d7ab4"><small>☆</small><span class="username" data-name="Ausxh">Ausxh</span>:</strong> <em>ggs</em></div><div class="chat chatmessage-morelikehalberd"><strong style="color:#177bd9"><small>☆</small><span class="username" data-name="MoreLikeHalberd">MoreLikeHalberd</span>:</strong> <em>lol ggs</em></div></div><div class="inner-preempt message-log"></div></div></div>
</div>
<script>
let daily = Math.floor(Date.now()/1000/60/60/24);document.write('<script src="https://play.pokemonshowdown.com/js/replay-embed.js?version'+daily+'"></'+'script>');
</script>
