<!DOCTYPE html>
<meta charset="utf-8" />
<!-- version 1 -->
<title>[Gen 9] NatDex Draft replay: mukmuk1 vs. Ultair</title>
<style>
html,body {font-family:Verdana, sans-serif;font-size:10pt;margin:0;padding:0;}body{padding:12px 0;} .battle-log {font-family:Verdana, sans-serif;font-size:10pt;} .battle-log-inline {border:1px solid #AAAAAA;background:#EEF2F5;color:black;max-width:640px;margin:0 auto 80px;padding-bottom:5px;} .battle-log .inner {padding:4px 8px 0px 8px;} .battle-log .inner-preempt {padding:0 8px 4px 8px;} .battle-log .inner-after {margin-top:0.5em;} .battle-log h2 {margin:0.5em -8px;padding:4px 8px;border:1px solid #AAAAAA;background:#E0E7EA;border-left:0;border-right:0;font-family:Verdana, sans-serif;font-size:13pt;} .battle-log .chat {vertical-align:middle;padding:3px 0 3px 0;font-size:8pt;} .battle-log .chat strong {color:#40576A;} .battle-log .chat em {padding:1px 4px 1px 3px;color:#000000;font-style:normal;} .chat.mine {background:rgba(0,0,0,0.05);margin-left:-8px;margin-right:-8px;padding-left:8px;padding-right:8px;} .spoiler {color:#BBBBBB;background:#BBBBBB;padding:0px 3px;} .spoiler:hover, .spoiler:active, .spoiler-shown {color:#000000;background:#E2E2E2;padding:0px 3px;} .spoiler a {color:#BBBBBB;} .spoiler:hover a, .spoiler:active a, .spoiler-shown a {color:#2288CC;} .chat code, .chat .spoiler:hover code, .chat .spoiler:active code, .chat .spoiler-shown code {border:1px solid #C0C0C0;background:#EEEEEE;color:black;padding:0 2px;} .chat .spoiler code {border:1px solid #CCCCCC;background:#CCCCCC;color:#CCCCCC;} .battle-log .rated {padding:3px 4px;} .battle-log .rated strong {color:white;background:#89A;padding:1px 4px;border-radius:4px;} .spacer {margin-top:0.5em;} .message-announce {background:#6688AA;color:white;padding:1px 4px 2px;} .message-announce a, .broadcast-green a, .broadcast-blue a, .broadcast-red a {color:#DDEEFF;} .broadcast-green {background-color:#559955;color:white;padding:2px 4px;} .broadcast-blue {background-color:#6688AA;color:white;padding:2px 4px;} .infobox {border:1px solid #6688AA;padding:2px 4px;} .infobox-limited {max-height:200px;overflow:auto;overflow-x:hidden;} .broadcast-red {background-color:#AA5544;color:white;padding:2px 4px;} .message-learn-canlearn {font-weight:bold;color:#228822;text-decoration:underline;} .message-learn-cannotlearn {font-weight:bold;color:#CC2222;text-decoration:underline;} .message-effect-weak {font-weight:bold;color:#CC2222;} .message-effect-resist {font-weight:bold;color:#6688AA;} .message-effect-immune {font-weight:bold;color:#666666;} .message-learn-list {margin-top:0;margin-bottom:0;} .message-throttle-notice, .message-error {color:#992222;} .message-overflow, .chat small.message-overflow {font-size:0pt;} .message-overflow::before {font-size:9pt;content:'...';} .subtle {color:#3A4A66;}
</style>
<div class="wrapper replay-wrapper" style="max-width:1180px;margin:0 auto">
<input type="hidden" name="replayid" value="gen9natdexdraft-2623842314" />
<div class="battle"></div><div class="battle-log"></div><div class="replay-controls"></div><div class="replay-controls-2"></div>
<h1 style="font-weight:normal;text-align:center"><strong>[Gen 9] NatDex Draft</strong><br /><a href="http://pokemonshowdown.com/users/mukmuk1" class="subtle" target="_blank">mukmuk1</a> vs. <a href="http://pokemonshowdown.com/users/ultair" class="subtle" target="_blank">Ultair</a></h1>
<script type="text/plain" class="battle-log-data">
|j|☆mukmuk1
|j|☆Ultair
|t:|1780456642
|gametype|singles
|player|p1|mukmuk1|brycenman|
|player|p2|Ultair|266|
|gen|9
|tier|[Gen 9] NatDex Draft
|rule|Tera Type Preview: Tera Types are shown at Team Preview
|rule|Sleep Clause Mod: Limit one foe put to sleep
|rule|OHKO Clause: OHKO moves are banned
|rule|Evasion Clause: Evasion abilities, items, and moves are banned
|rule|Evasion Abilities Clause: Evasion abilities are banned
|rule|Evasion Items Clause: Evasion items are banned
|rule|Evasion Moves Clause: Evasion moves are banned
|rule|Endless Battle Clause: Forcing endless battles is banned
|rule|HP Percentage Mod: HP is shown in percentages
|raw|<div class="infobox"><details class="readmore" open><summary><strong>1 custom rule:<\/strong><\/summary> Tera Type Preview<\/details><\/div>
|clearpoke
|poke|p1|Primarina, M|
|poke|p1|Maushold|
|poke|p1|Metagross|
|poke|p1|Tangrowth, M|
|poke|p1|Chansey, F|
|poke|p1|Tauros-Paldea-Blaze, M|
|poke|p2|Thundurus-Therian, M|
|poke|p2|Krookodile, M|
|poke|p2|Starmie|
|poke|p2|Lucario, M|
|poke|p2|Diancie|
|poke|p2|Dusclops, F|
|raw|mukmuk1's Tera Types:<br \/><psicon pokemon="primarina" \/><psicon type="Water" \/> \/ <psicon pokemon="maushold" \/><psicon type="Normal" \/> \/ <psicon pokemon="metagross" \/><psicon type="Steel" \/> \/ <psicon pokemon="tangrowth" \/><psicon type="Grass" \/> \/ <psicon pokemon="chansey" \/><psicon type="Normal" \/> \/ <psicon pokemon="taurospaldeablaze" \/><psicon type="Fighting" \/>
|raw|Ultair's Tera Types:<br \/><psicon pokemon="thundurustherian" \/><psicon type="Electric" \/> \/ <psicon pokemon="krookodile" \/><psicon type="Ground" \/> \/ <psicon pokemon="starmie" \/><psicon type="Water" \/> \/ <psicon pokemon="lucario" \/><psicon type="Fighting" \/> \/ <psicon pokemon="diancie" \/><psicon type="Rock" \/> \/ <psicon pokemon="dusclops" \/><psicon type="Poison" \/>
|teampreview
|
|t:|1780456671
|teamsize|p1|6
|teamsize|p2|6
|start
|switch|p1a: Chansey|Chansey, F|100\/100
|switch|p2a: Starmie|Starmie|100\/100
|turn|1
|
|t:|1780456695
|move|p2a: Starmie|Flip Turn|p1a: Chansey
|-damage|p1a: Chansey|89\/100
|
|t:|1780456723
|switch|p2a: Krookodile|Krookodile, M|100\/100|[from] Flip Turn
|-ability|p2a: Krookodile|Intimidate|boost
|-unboost|p1a: Chansey|atk|1
|move|p1a: Chansey|Stealth Rock|p2a: Krookodile
|-sidestart|p2: Ultair|move: Stealth Rock
|
|upkeep
|turn|2
|
|t:|1780456752
|switch|p1a: Tangrowth|Tangrowth, M|100\/100
|move|p2a: Krookodile|Stealth Rock|p1a: Tangrowth
|-sidestart|p1: mukmuk1|move: Stealth Rock
|
|upkeep
|turn|3
|
|t:|1780456763
|switch|p2a: Dusclops|Dusclops, F|100\/100
|-damage|p2a: Dusclops|88\/100|[from] Stealth Rock
|-ability|p2a: Dusclops|Pressure
|move|p1a: Tangrowth|Leech Seed|p2a: Dusclops
|-start|p2a: Dusclops|move: Leech Seed
|
|-damage|p2a: Dusclops|76\/100|[from] Leech Seed|[of] p1a: Tangrowth
|upkeep
|turn|4
|
|t:|1780456801
|move|p1a: Tangrowth|Knock Off|p2a: Dusclops
|-supereffective|p2a: Dusclops
|-damage|p2a: Dusclops|44\/100
|-enditem|p2a: Dusclops|Eviolite|[from] move: Knock Off|[of] p1a: Tangrowth
|move|p2a: Dusclops|Seismic Toss|p1a: Tangrowth
|-damage|p1a: Tangrowth|76\/100
|-damage|p2a: Dusclops|27\/100|[from] item: Rocky Helmet|[of] p1a: Tangrowth
|
|-damage|p2a: Dusclops|15\/100|[from] Leech Seed|[of] p1a: Tangrowth
|-heal|p1a: Tangrowth|84\/100|[silent]
|upkeep
|turn|5
|c|☆Ultair|!servertime
|c| Ultair|\/raw <div class="infobox">Server time: <b>6\/3\/2026, 3:20:11 AM<\/b><\/div>
|
|t:|1780456813
|move|p1a: Tangrowth|Knock Off|p2a: Dusclops
|-supereffective|p2a: Dusclops
|-damage|p2a: Dusclops|0 fnt
|faint|p2a: Dusclops
|
|upkeep
|
|t:|1780456820
|switch|p2a: Lucario|Lucario, M|100\/100
|-damage|p2a: Lucario|98\/100|[from] Stealth Rock
|turn|6
|j| Crown Oji
|
|t:|1780456880
|move|p2a: Lucario|Poison Jab|p1a: Tangrowth
|-supereffective|p1a: Tangrowth
|-damage|p1a: Tangrowth|54\/100
|-status|p1a: Tangrowth|psn
|-damage|p2a: Lucario|81\/100|[from] item: Rocky Helmet|[of] p1a: Tangrowth
|move|p1a: Tangrowth|Earthquake|p2a: Lucario
|-supereffective|p2a: Lucario
|-damage|p2a: Lucario|10\/100
|
|-damage|p1a: Tangrowth|42\/100 psn|[from] psn
|upkeep
|turn|7
|
|t:|1780456926
|switch|p1a: Metagross|Metagross|100\/100
|-damage|p1a: Metagross|95\/100|[from] Stealth Rock
|-terastallize|p2a: Lucario|Fighting
|move|p2a: Lucario|Close Combat|p1a: Metagross
|-damage|p1a: Metagross|35\/100
|-unboost|p2a: Lucario|def|1
|-unboost|p2a: Lucario|spd|1
|
|upkeep
|turn|8
|
|t:|1780456942
|move|p1a: Metagross|Bullet Punch|p2a: Lucario
|-damage|p2a: Lucario|0 fnt
|faint|p2a: Lucario
|
|upkeep
|
|t:|1780456949
|switch|p2a: Thundurus|Thundurus-Therian, M|100\/100
|turn|9
|j| ryan700123
|l| ryan700123
|l| Crown Oji
|j| Crown Oji
|
|t:|1780457027
|move|p2a: Thundurus|Knock Off|p1a: Metagross
|-supereffective|p1a: Metagross
|-damage|p1a: Metagross|0 fnt
|-enditem|p1a: Metagross|Assault Vest|[from] move: Knock Off|[of] p2a: Thundurus
|faint|p1a: Metagross
|
|upkeep
|j| Conundromic
|
|t:|1780457141
|switch|p1a: Maushold|Maushold|100\/100
|-damage|p1a: Maushold|88\/100|[from] Stealth Rock
|turn|10
|j| Phantom0rion
|
|t:|1780457195
|switch|p2a: Starmie|Starmie|100\/100
|-damage|p2a: Starmie|88\/100|[from] Stealth Rock
|-terastallize|p1a: Maushold|Normal
|move|p1a: Maushold|Population Bomb|p2a: Starmie
|-damage|p2a: Starmie|66\/100
|-damage|p2a: Starmie|43\/100
|-damage|p2a: Starmie|21\/100
|-damage|p2a: Starmie|0 fnt
|faint|p2a: Starmie
|-hitcount|p2: Starmie|4
|
|upkeep
|
|t:|1780457200
|switch|p2a: Krookodile|Krookodile, M|100\/100
|-damage|p2a: Krookodile|94\/100|[from] Stealth Rock
|-ability|p2a: Krookodile|Intimidate|boost
|-unboost|p1a: Maushold|atk|1
|turn|11
|
|t:|1780457256
|switch|p1a: Tauros|Tauros-Paldea-Blaze, M|100\/100
|-damage|p1a: Tauros|88\/100|[from] Stealth Rock
|-ability|p1a: Tauros|Intimidate|boost
|-unboost|p2a: Krookodile|atk|1
|move|p2a: Krookodile|Knock Off|p1a: Tauros
|-resisted|p1a: Tauros
|-damage|p1a: Tauros|73\/100
|-enditem|p1a: Tauros|Choice Band|[from] move: Knock Off|[of] p2a: Krookodile
|
|-heal|p2a: Krookodile|100\/100|[from] item: Leftovers
|upkeep
|turn|12
|
|t:|1780457275
|switch|p2a: Diancie|Diancie|100\/100
|-damage|p2a: Diancie|88\/100|[from] Stealth Rock
|move|p1a: Tauros|Close Combat|p2a: Diancie
|-damage|p2a: Diancie|42\/100
|-unboost|p1a: Tauros|def|1
|-unboost|p1a: Tauros|spd|1
|
|-heal|p2a: Diancie|48\/100|[from] item: Leftovers
|upkeep
|turn|13
|c|☆Ultair|!servertime
|c| Ultair|\/raw <div class="infobox">Server time: <b>6\/3\/2026, 3:30:24 AM<\/b><\/div>
|
|t:|1780457426
|switch|p1a: Chansey|Chansey, F|89\/100
|-damage|p1a: Chansey|76\/100|[from] Stealth Rock
|move|p2a: Diancie|Diamond Storm|p1a: Chansey
|-damage|p1a: Chansey|56\/100
|-boost|p2a: Diancie|def|2
|
|-heal|p2a: Diancie|54\/100|[from] item: Leftovers
|upkeep
|turn|14
|
|t:|1780457452
|move|p2a: Diancie|Toxic|p1a: Chansey
|-status|p1a: Chansey|tox
|move|p1a: Chansey|Teleport|p1a: Chansey
|
|t:|1780457455
|-curestatus|p1a: Chansey|tox|[from] ability: Natural Cure|[silent]
|switch|p1a: Primarina|Primarina, M|100\/100|[from] Teleport
|-damage|p1a: Primarina|88\/100|[from] Stealth Rock
|
|-heal|p2a: Diancie|60\/100|[from] item: Leftovers
|upkeep
|turn|15
|
|t:|1780457463
|move|p1a: Primarina|Hydro Pump|p2a: Diancie
|-supereffective|p2a: Diancie
|-damage|p2a: Diancie|0 fnt
|faint|p2a: Diancie
|
|upkeep
|
|t:|1780457466
|switch|p2a: Thundurus|Thundurus-Therian, M|100\/100
|turn|16
|inactive|Battle timer is ON: inactive players will automatically lose when time's up. (requested by Ultair)
|
|t:|1780457485
|switch|p1a: Chansey|Chansey, F|56\/100
|-damage|p1a: Chansey|43\/100|[from] Stealth Rock
|move|p2a: Thundurus|Thunderbolt|p1a: Chansey
|-damage|p1a: Chansey|27\/100
|
|upkeep
|turn|17
|
|t:|1780457492
|move|p2a: Thundurus|Knock Off|p1a: Chansey
|-damage|p1a: Chansey|11\/100
|-enditem|p1a: Chansey|Eviolite|[from] move: Knock Off|[of] p2a: Thundurus
|move|p1a: Chansey|Soft-Boiled|p1a: Chansey
|-heal|p1a: Chansey|61\/100
|
|upkeep
|turn|18
|
|t:|1780457506
|move|p2a: Thundurus|U-turn|p1a: Chansey
|-damage|p1a: Chansey|46\/100
|
|t:|1780457508
|switch|p2a: Krookodile|Krookodile, M|100\/100|[from] U-turn
|-damage|p2a: Krookodile|94\/100|[from] Stealth Rock
|-ability|p2a: Krookodile|Intimidate|boost
|-unboost|p1a: Chansey|atk|1
|move|p1a: Chansey|Teleport|p1a: Chansey
|
|t:|1780457515
|switch|p1a: Primarina|Primarina, M|88\/100|[from] Teleport
|-damage|p1a: Primarina|76\/100|[from] Stealth Rock
|
|-heal|p2a: Krookodile|100\/100|[from] item: Leftovers
|upkeep
|turn|19
|
|t:|1780457530
|move|p1a: Primarina|Moonblast|p2a: Krookodile
|-supereffective|p2a: Krookodile
|-damage|p2a: Krookodile|0 fnt
|faint|p2a: Krookodile
|
|upkeep
|
|t:|1780457532
|switch|p2a: Thundurus|Thundurus-Therian, M|100\/100
|turn|20
|
|t:|1780457536
|move|p1a: Primarina|Moonblast|p2a: Thundurus
|-damage|p2a: Thundurus|29\/100
|move|p2a: Thundurus|Thunderbolt|p1a: Primarina
|-supereffective|p1a: Primarina
|-damage|p1a: Primarina|0 fnt
|faint|p1a: Primarina
|
|upkeep
|c|☆Ultair|gg
|
|t:|1780457545
|switch|p1a: Maushold|Maushold, tera:Normal|88\/100
|-damage|p1a: Maushold|76\/100|[from] Stealth Rock
|turn|21
|
|t:|1780457549
|move|p1a: Maushold|Population Bomb|p2a: Thundurus
|-damage|p2a: Thundurus|3\/100
|-damage|p2a: Thundurus|0 fnt
|faint|p2a: Thundurus
|-hitcount|p2: Thundurus|2
|
|win|mukmuk1
|l|☆Ultair
|player|p2|
|c|☆mukmuk1|gg
|l| Crown Oji
|l| Conundromic
|j| Bunnnies

</script>
</div>
<div class="battle-log battle-log-inline"><div class="inner"><div class="battle-options"></div><div class="inner message-log"><div class="chat"><small>☆mukmuk1 and ☆Ultair joined</small></div><div class=""><small>Format:</small> <br><strong>[Gen 9] NatDex Draft</strong></div><div class=""><small><em>Tera Type Preview:</em> Tera Types are shown at Team Preview</small></div><div class=""><small><em>Sleep Clause Mod:</em> Limit one foe put to sleep</small></div><div class=""><small><em>OHKO Clause:</em> OHKO moves are banned</small></div><div class=""><small><em>Evasion Clause:</em> Evasion abilities, items, and moves are banned</small></div><div class=""><small><em>Evasion Abilities Clause:</em> Evasion abilities are banned</small></div><div class=""><small><em>Evasion Items Clause:</em> Evasion items are banned</small></div><div class=""><small><em>Evasion Moves Clause:</em> Evasion moves are banned</small></div><div class=""><small><em>Endless Battle Clause:</em> Forcing endless battles is banned</small></div><div class=""><small><em>HP Percentage Mod:</em> HP is shown in percentages</small></div><div class="chat"><div class="infobox"><details class="readmore" open=""><summary><strong>1 custom rule:</strong></summary> Tera Type Preview</details></div></div><div class="chat">mukmuk1's Tera Types:<br><span class="picon" style="background:transparent url(https://play.pokemonshowdown.com/sprites/pokemonicons-sheet.png?v22) no-repeat scroll -400px -1800px"></span><img src="https://play.pokemonshowdown.com/sprites/types/Water.png" alt="Water" height="14" width="32" class="pixelated"> / <span class="picon" style="background:transparent url(https://play.pokemonshowdown.com/sprites/pokemonicons-sheet.png?v22) no-repeat scroll -40px -2310px"></span><img src="https://play.pokemonshowdown.com/sprites/types/Normal.png" alt="Normal" height="14" width="32" class="pixelated"> / <span class="picon" style="background:transparent url(https://play.pokemonshowdown.com/sprites/pokemonicons-sheet.png?v22) no-repeat scroll -160px -930px"></span><img src="https://play.pokemonshowdown.com/sprites/types/Steel.png" alt="Steel" height="14" width="32" class="pixelated"> / <span class="picon" style="background:transparent url(https://play.pokemonshowdown.com/sprites/pokemonicons-sheet.png?v22) no-repeat scroll -360px -1140px"></span><img src="https://play.pokemonshowdown.com/sprites/types/Grass.png" alt="Grass" height="14" width="32" class="pixelated"> / <span class="picon" style="background:transparent url(https://play.pokemonshowdown.com/sprites/pokemonicons-sheet.png?v22) no-repeat scroll -200px -270px"></span><img src="https://play.pokemonshowdown.com/sprites/types/Normal.png" alt="Normal" height="14" width="32" class="pixelated"> / <span class="picon" style="background:transparent url(https://play.pokemonshowdown.com/sprites/pokemonicons-sheet.png?v22) no-repeat scroll -360px -3120px"></span><img src="https://play.pokemonshowdown.com/sprites/types/Fighting.png" alt="Fighting" height="14" width="32" class="pixelated"></div><div class="chat">Ultair's Tera Types:<br><span class="picon" style="background:transparent url(https://play.pokemonshowdown.com/sprites/pokemonicons-sheet.png?v22) no-repeat scroll -280px -2730px"></span><img src="https://play.pokemonshowdown.com/sprites/types/Electric.png" alt="Electric" height="14" width="32" class="pixelated"> / <span class="picon" style="background:transparent url(https://play.pokemonshowdown.com/sprites/pokemonicons-sheet.png?v22) no-repeat scroll -40px -1380px"></span><img src="https://play.pokemonshowdown.com/sprites/types/Ground.png" alt="Ground" height="14" width="32" class="pixelated"> / <span class="picon" style="background:transparent url(https://play.pokemonshowdown.com/sprites/pokemonicons-sheet.png?v22) no-repeat scroll -40px -300px"></span><img src="https://play.pokemonshowdown.com/sprites/types/Water.png" alt="Water" height="14" width="32" class="pixelated"> / <span class="picon" style="background:transparent url(https://play.pokemonshowdown.com/sprites/pokemonicons-sheet.png?v22) no-repeat scroll -160px -1110px"></span><img src="https://play.pokemonshowdown.com/sprites/types/Fighting.png" alt="Fighting" height="14" width="32" class="pixelated"> / <span class="picon" style="background:transparent url(https://play.pokemonshowdown.com/sprites/pokemonicons-sheet.png?v22) no-repeat scroll -440px -1770px"></span><img src="https://play.pokemonshowdown.com/sprites/types/Rock.png" alt="Rock" height="14" width="32" class="pixelated"> / <span class="picon" style="background:transparent url(https://play.pokemonshowdown.com/sprites/pokemonicons-sheet.png?v22) no-repeat scroll -320px -870px"></span><img src="https://play.pokemonshowdown.com/sprites/types/Poison.png" alt="Poison" height="14" width="32" class="pixelated"></div><div class="chat battle-history"><strong>mukmuk1's team:</strong> <em style="color:#445566;display:block;">Primarina / Maushold / Metagross / Tangrowth / Chansey / Tauros-Paldea-Blaze</em></div><div class="chat battle-history"><strong>Ultair's team:</strong> <em style="color:#445566;display:block;">Thundurus-Therian / Krookodile / Starmie / Lucario / Diancie / Dusclops</em></div><div class="spacer battle-history"><br></div><div class="battle-history">Battle started between mukmuk1 and Ultair!<br></div><div class="spacer battle-history"><br></div><div class="battle-history">Go! <strong>Chansey</strong>!<br></div><div class="spacer battle-history"><br></div><div class="battle-history">Ultair sent out <strong>Starmie</strong>!<br></div><div class="spacer battle-history"><br></div><h2 class="battle-history">Turn 1</h2><div class="spacer battle-history"><br></div><div class="battle-history">The opposing Starmie used <strong>Flip Turn</strong>!<br></div><div class="battle-history"><small>(Chansey lost 11% of its health!)</small><br></div><div class="spacer battle-history"><br></div><div class="battle-history">The opposing Starmie went back to Ultair!<br></div><div class="battle-history">Ultair sent out <strong>Krookodile</strong>!<br></div><div class="battle-history">[The opposing Krookodile's Intimidate]<br></div><div class="battle-history"><small>Chansey's Attack fell!</small><br></div><div class="spacer battle-history"><br></div><div class="battle-history">Chansey used <strong>Stealth Rock</strong>!<br></div><div class="battle-history"><small>Pointed stones float in the air around the opposing team!</small><br></div><div class="spacer battle-history"><br></div><h2 class="battle-history">Turn 2</h2><div class="spacer battle-history"><br></div><div class="battle-history">Chansey, come back!<br></div><div class="battle-history">Go! <strong>Tangrowth</strong>!<br></div><div class="spacer battle-history"><br></div><div class="battle-history">The opposing Krookodile used <strong>Stealth Rock</strong>!<br></div><div class="battle-history"><small>Pointed stones float in the air around your team!</small><br></div><div class="spacer battle-history"><br></div><h2 class="battle-history">Turn 3</h2><div class="spacer battle-history"><br></div><div class="battle-history">Ultair withdrew Krookodile!<br></div><div class="battle-history">Ultair sent out <strong>Dusclops</strong>!<br></div><div class="battle-history"><small>Pointed stones dug into the opposing Dusclops!</small><br></div><div class="battle-history">[The opposing Dusclops's Pressure]<br><small>The opposing Dusclops is exerting its pressure!</small><br></div><div class="spacer battle-history"><br></div><div class="battle-history">Tangrowth used <strong>Leech Seed</strong>!<br></div><div class="battle-history"><small>The opposing Dusclops was seeded!</small><br></div><div class="spacer battle-history"><br></div><div class="battle-history"><small>The opposing Dusclops's health is sapped by Leech Seed!</small><br></div><div class="spacer battle-history"><br></div><h2 class="battle-history">Turn 4</h2><div class="spacer battle-history"><br></div><div class="battle-history">Tangrowth used <strong>Knock Off</strong>!<br></div><div class="battle-history"><small>It's super effective!</small><br></div><div class="battle-history"><small>(The opposing Dusclops lost 32% of its health!)</small><br></div><div class="battle-history"><small>Tangrowth knocked off the opposing Dusclops's Eviolite!</small><br></div><div class="spacer battle-history"><br></div><div class="battle-history">The opposing Dusclops used <strong>Seismic Toss</strong>!<br></div><div class="battle-history"><small>(Tangrowth lost 24% of its health!)</small><br></div><div class="battle-history"><small>The opposing Dusclops was hurt by the Rocky Helmet!</small><br></div><div class="spacer battle-history"><br></div><div class="battle-history"><small>The opposing Dusclops's health is sapped by Leech Seed!</small><br></div><div class="spacer battle-history"><br></div><h2 class="battle-history">Turn 5</h2><div class="chat chatmessage-ultair"><strong style="color:#3a9240"><span class="username"><small class="groupsymbol">☆</small>Ultair</span>:</strong> <em>!servertime</em></div><div class="chat"><div class="infobox">Server time: <b>6/3/2026, 3:20:11 AM</b></div></div><div class="spacer battle-history"><br></div><div class="battle-history">Tangrowth used <strong>Knock Off</strong>!<br></div><div class="battle-history"><small>It's super effective!</small><br></div><div class="battle-history"><small>(The opposing Dusclops lost 15% of its health!)</small><br></div><div class="spacer battle-history"><br></div><div class="battle-history">The opposing Dusclops fainted!<br></div><div class="spacer battle-history"><br></div><div class="battle-history">Ultair sent out <strong>Lucario</strong>!<br></div><div class="battle-history"><small>Pointed stones dug into the opposing Lucario!</small><br></div><div class="spacer battle-history"><br></div><h2 class="battle-history">Turn 6</h2><div class="chat"><small> Crown Oji joined</small></div><div class="spacer battle-history"><br></div><div class="battle-history">The opposing Lucario used <strong>Poison Jab</strong>!<br></div><div class="battle-history"><small>It's super effective!</small><br></div><div class="battle-history"><small>(Tangrowth lost 30% of its health!)</small><br></div><div class="battle-history"><small>Tangrowth was poisoned!</small><br></div><div class="battle-history"><small>The opposing Lucario was hurt by the Rocky Helmet!</small><br></div><div class="spacer battle-history"><br></div><div class="battle-history">Tangrowth used <strong>Earthquake</strong>!<br></div><div class="battle-history"><small>It's super effective!</small><br></div><div class="battle-history"><small>(The opposing Lucario lost 71% of its health!)</small><br></div><div class="spacer battle-history"><br></div><div class="battle-history"><small>Tangrowth was hurt by poison!</small><br></div><div class="spacer battle-history"><br></div><h2 class="battle-history">Turn 7</h2><div class="spacer battle-history"><br></div><div class="battle-history">Tangrowth, come back!<br></div><div class="battle-history">Go! <strong>Metagross</strong>!<br></div><div class="battle-history"><small>Pointed stones dug into Metagross!</small><br></div><div class="spacer battle-history"><br></div><div class="battle-history"><small>The opposing Lucario has Terastallized into the Fighting-type!</small><br></div><div class="spacer battle-history"><br></div><div class="battle-history">The opposing Lucario used <strong>Close Combat</strong>!<br></div><div class="battle-history"><small>(Metagross lost 60% of its health!)</small><br></div><div class="battle-history"><small>The opposing Lucario's Defense fell!</small><br></div><div class="battle-history"><small>The opposing Lucario's Sp. Def fell!</small><br></div><div class="spacer battle-history"><br></div><h2 class="battle-history">Turn 8</h2><div class="spacer battle-history"><br></div><div class="battle-history">Metagross used <strong>Bullet Punch</strong>!<br></div><div class="battle-history"><small>(The opposing Lucario lost 10% of its health!)</small><br></div><div class="spacer battle-history"><br></div><div class="battle-history">The opposing Lucario fainted!<br></div><div class="spacer battle-history"><br></div><div class="battle-history">Ultair sent out Thundurus (<strong>Thundurus-Therian</strong>)!<br></div><div class="spacer battle-history"><br></div><h2 class="battle-history">Turn 9</h2><div class="chat"><small> ryan700123 joined;  ryan700123 left</small></div><div class="spacer battle-history"><br></div><div class="battle-history">The opposing Thundurus used <strong>Knock Off</strong>!<br></div><div class="battle-history"><small>It's super effective!</small><br></div><div class="battle-history"><small>(Metagross lost 35% of its health!)</small><br></div><div class="battle-history"><small>The opposing Thundurus knocked off Metagross's Assault Vest!</small><br></div><div class="spacer battle-history"><br></div><div class="battle-history">Metagross fainted!<br></div><div class="chat"><small> Conundromic joined</small></div><div class="spacer battle-history"><br></div><div class="battle-history">Go! <strong>Maushold</strong>!<br></div><div class="battle-history"><small>Pointed stones dug into Maushold!</small><br></div><div class="spacer battle-history"><br></div><h2 class="battle-history">Turn 10</h2><div class="chat"><small> Phantom0rion joined</small></div><div class="spacer battle-history"><br></div><div class="battle-history">Ultair withdrew Thundurus!<br></div><div class="battle-history">Ultair sent out <strong>Starmie</strong>!<br></div><div class="battle-history"><small>Pointed stones dug into the opposing Starmie!</small><br></div><div class="spacer battle-history"><br></div><div class="battle-history"><small>Maushold has Terastallized into the Normal-type!</small><br></div><div class="spacer battle-history"><br></div><div class="battle-history">Maushold used <strong>Population Bomb</strong>!<br></div><div class="battle-history"><small>(The opposing Starmie lost 22% of its health!)</small><br></div><div class="battle-history"><small>(The opposing Starmie lost 23% of its health!)</small><br></div><div class="battle-history"><small>(The opposing Starmie lost 22% of its health!)</small><br></div><div class="battle-history"><small>(The opposing Starmie lost 21% of its health!)</small><br></div><div class="spacer battle-history"><br></div><div class="battle-history">The opposing Starmie fainted!<br></div><div class="battle-history"><small>The Pokémon was hit 4 times!</small><br></div><div class="spacer battle-history"><br></div><div class="battle-history">Ultair sent out <strong>Krookodile</strong>!<br></div><div class="battle-history"><small>Pointed stones dug into the opposing Krookodile!</small><br></div><div class="battle-history">[The opposing Krookodile's Intimidate]<br></div><div class="battle-history"><small>Maushold's Attack fell!</small><br></div><div class="spacer battle-history"><br></div><h2 class="battle-history">Turn 11</h2><div class="spacer battle-history"><br></div><div class="battle-history">Maushold, come back!<br></div><div class="battle-history">Go! Tauros (<strong>Tauros-Paldea-Blaze</strong>)!<br></div><div class="battle-history"><small>Pointed stones dug into Tauros!</small><br></div><div class="battle-history">[Tauros's Intimidate]<br></div><div class="battle-history"><small>The opposing Krookodile's Attack fell!</small><br></div><div class="spacer battle-history"><br></div><div class="battle-history">The opposing Krookodile used <strong>Knock Off</strong>!<br></div><div class="battle-history"><small>It's not very effective...</small><br></div><div class="battle-history"><small>(Tauros lost 15% of its health!)</small><br></div><div class="battle-history"><small>The opposing Krookodile knocked off Tauros's Choice Band!</small><br></div><div class="spacer battle-history"><br></div><div class="battle-history"><small>The opposing Krookodile restored a little HP using its Leftovers!</small><br></div><div class="spacer battle-history"><br></div><h2 class="battle-history">Turn 12</h2><div class="spacer battle-history"><br></div><div class="battle-history">Ultair withdrew Krookodile!<br></div><div class="battle-history">Ultair sent out <strong>Diancie</strong>!<br></div><div class="battle-history"><small>Pointed stones dug into the opposing Diancie!</small><br></div><div class="spacer battle-history"><br></div><div class="battle-history">Tauros used <strong>Close Combat</strong>!<br></div><div class="battle-history"><small>(The opposing Diancie lost 46% of its health!)</small><br></div><div class="battle-history"><small>Tauros's Defense fell!</small><br></div><div class="battle-history"><small>Tauros's Sp. Def fell!</small><br></div><div class="spacer battle-history"><br></div><div class="battle-history"><small>The opposing Diancie restored a little HP using its Leftovers!</small><br></div><div class="spacer battle-history"><br></div><h2 class="battle-history">Turn 13</h2><div class="chat chatmessage-ultair"><strong style="color:#3a9240"><span class="username"><small class="groupsymbol">☆</small>Ultair</span>:</strong> <em>!servertime</em></div><div class="chat"><div class="infobox">Server time: <b>6/3/2026, 3:30:24 AM</b></div></div><div class="spacer battle-history"><br></div><div class="battle-history">Tauros, come back!<br></div><div class="battle-history">Go! <strong>Chansey</strong>!<br></div><div class="battle-history"><small>Pointed stones dug into Chansey!</small><br></div><div class="spacer battle-history"><br></div><div class="battle-history">The opposing Diancie used <strong>Diamond Storm</strong>!<br></div><div class="battle-history"><small>(Chansey lost 20% of its health!)</small><br></div><div class="battle-history"><small>The opposing Diancie's Defense rose sharply!</small><br></div><div class="spacer battle-history"><br></div><div class="battle-history"><small>The opposing Diancie restored a little HP using its Leftovers!</small><br></div><div class="spacer battle-history"><br></div><h2 class="battle-history">Turn 14</h2><div class="spacer battle-history"><br></div><div class="battle-history">The opposing Diancie used <strong>Toxic</strong>!<br></div><div class="battle-history"><small>Chansey was badly poisoned!</small><br></div><div class="spacer battle-history"><br></div><div class="battle-history">Chansey used <strong>Teleport</strong>!<br></div><div class="spacer battle-history"><br></div><div class="battle-history">Go! <strong>Primarina</strong>!<br></div><div class="battle-history"><small>Pointed stones dug into Primarina!</small><br></div><div class="spacer battle-history"><br></div><div class="battle-history"><small>The opposing Diancie restored a little HP using its Leftovers!</small><br></div><div class="spacer battle-history"><br></div><h2 class="battle-history">Turn 15</h2><div class="spacer battle-history"><br></div><div class="battle-history">Primarina used <strong>Hydro Pump</strong>!<br></div><div class="battle-history"><small>It's super effective!</small><br></div><div class="battle-history"><small>(The opposing Diancie lost 60% of its health!)</small><br></div><div class="spacer battle-history"><br></div><div class="battle-history">The opposing Diancie fainted!<br></div><div class="spacer battle-history"><br></div><div class="battle-history">Ultair sent out Thundurus (<strong>Thundurus-Therian</strong>)!<br></div><div class="spacer battle-history"><br></div><h2 class="battle-history">Turn 16</h2><div class="chat message-error">Battle timer is ON: inactive players will automatically lose when time's up. (requested by Ultair)</div><div class="spacer battle-history"><br></div><div class="battle-history">Primarina, come back!<br></div><div class="battle-history">Go! <strong>Chansey</strong>!<br></div><div class="battle-history"><small>Pointed stones dug into Chansey!</small><br></div><div class="spacer battle-history"><br></div><div class="battle-history">The opposing Thundurus used <strong>Thunderbolt</strong>!<br></div><div class="battle-history"><small>(Chansey lost 16% of its health!)</small><br></div><div class="spacer battle-history"><br></div><h2 class="battle-history">Turn 17</h2><div class="spacer battle-history"><br></div><div class="battle-history">The opposing Thundurus used <strong>Knock Off</strong>!<br></div><div class="battle-history"><small>(Chansey lost 16% of its health!)</small><br></div><div class="battle-history"><small>The opposing Thundurus knocked off Chansey's Eviolite!</small><br></div><div class="spacer battle-history"><br></div><div class="battle-history">Chansey used <strong>Soft-Boiled</strong>!<br></div><div class="battle-history"><small>Chansey had its HP restored.</small><br></div><div class="spacer battle-history"><br></div><h2 class="battle-history">Turn 18</h2><div class="spacer battle-history"><br></div><div class="battle-history">The opposing Thundurus used <strong>U-turn</strong>!<br></div><div class="battle-history"><small>(Chansey lost 15% of its health!)</small><br></div><div class="spacer battle-history"><br></div><div class="battle-history">The opposing Thundurus went back to Ultair!<br></div><div class="battle-history">Ultair sent out <strong>Krookodile</strong>!<br></div><div class="battle-history"><small>Pointed stones dug into the opposing Krookodile!</small><br></div><div class="battle-history">[The opposing Krookodile's Intimidate]<br></div><div class="battle-history"><small>Chansey's Attack fell!</small><br></div><div class="spacer battle-history"><br></div><div class="battle-history">Chansey used <strong>Teleport</strong>!<br></div><div class="spacer battle-history"><br></div><div class="battle-history">Go! <strong>Primarina</strong>!<br></div><div class="battle-history"><small>Pointed stones dug into Primarina!</small><br></div><div class="spacer battle-history"><br></div><div class="battle-history"><small>The opposing Krookodile restored a little HP using its Leftovers!</small><br></div><div class="spacer battle-history"><br></div><h2 class="battle-history">Turn 19</h2><div class="spacer battle-history"><br></div><div class="battle-history">Primarina used <strong>Moonblast</strong>!<br></div><div class="battle-history"><small>It's super effective!</small><br></div><div class="battle-history"><small>(The opposing Krookodile lost 100% of its health!)</small><br></div><div class="spacer battle-history"><br></div><div class="battle-history">The opposing Krookodile fainted!<br></div><div class="spacer battle-history"><br></div><div class="battle-history">Ultair sent out Thundurus (<strong>Thundurus-Therian</strong>)!<br></div><div class="spacer battle-history"><br></div><h2 class="battle-history">Turn 20</h2><div class="spacer battle-history"><br></div><div class="battle-history">Primarina used <strong>Moonblast</strong>!<br></div><div class="battle-history"><small>(The opposing Thundurus lost 71% of its health!)</small><br></div><div class="spacer battle-history"><br></div><div class="battle-history">The opposing Thundurus used <strong>Thunderbolt</strong>!<br></div><div class="battle-history"><small>It's super effective!</small><br></div><div class="battle-history"><small>(Primarina lost 76% of its health!)</small><br></div><div class="spacer battle-history"><br></div><div class="battle-history">Primarina fainted!<br></div><div class="chat chatmessage-ultair"><strong style="color:#3a9240"><span class="username"><small class="groupsymbol">☆</small>Ultair</span>:</strong> <em>gg</em></div><div class="spacer battle-history"><br></div><div class="battle-history">Go! <strong>Maushold</strong>!<br></div><div class="battle-history"><small>Pointed stones dug into Maushold!</small><br></div><div class="spacer battle-history"><br></div><h2 class="battle-history">Turn 21</h2><div class="spacer battle-history"><br></div><div class="battle-history">Maushold used <strong>Population Bomb</strong>!<br></div><div class="battle-history"><small>(The opposing Thundurus lost 26% of its health!)</small><br></div><div class="battle-history"><small>(The opposing Thundurus lost 3% of its health!)</small><br></div><div class="spacer battle-history"><br></div><div class="battle-history">The opposing Thundurus fainted!<br></div><div class="battle-history"><small>The Pokémon was hit 2 times!</small><br></div><div class="spacer battle-history"><br></div><div class="battle-history"><strong>mukmuk1</strong> won the battle!<br></div><div class="chat"><small>☆Ultair left</small></div><div class="chat chatmessage-mukmuk1"><strong style="color:#ce261d"><span class="username"><small class="groupsymbol">☆</small>mukmuk1</span>:</strong> <em>gg</em></div><div class="chat"><small> Bunnnies joined;  Crown Oji and  Conundromic left</small></div></div><div class="inner-preempt message-log"></div></div></div>
</div>
<script>
let daily = Math.floor(Date.now()/1000/60/60/24);document.write('<script src="https://play.pokemonshowdown.com/js/replay-embed.js?version'+daily+'"></'+'script>');
</script>
