<!DOCTYPE html>
<meta charset="utf-8" />
<!-- version 1 -->
<title>[Gen 9] NatDex Draft replay: Gym Leder Brawl vs. ChillerFrost</title>
<style>
html,body {font-family:Verdana, sans-serif;font-size:10pt;margin:0;padding:0;}body{padding:12px 0;} .battle-log {font-family:Verdana, sans-serif;font-size:10pt;} .battle-log-inline {border:1px solid #AAAAAA;background:#EEF2F5;color:black;max-width:640px;margin:0 auto 80px;padding-bottom:5px;} .battle-log .inner {padding:4px 8px 0px 8px;} .battle-log .inner-preempt {padding:0 8px 4px 8px;} .battle-log .inner-after {margin-top:0.5em;} .battle-log h2 {margin:0.5em -8px;padding:4px 8px;border:1px solid #AAAAAA;background:#E0E7EA;border-left:0;border-right:0;font-family:Verdana, sans-serif;font-size:13pt;} .battle-log .chat {vertical-align:middle;padding:3px 0 3px 0;font-size:8pt;} .battle-log .chat strong {color:#40576A;} .battle-log .chat em {padding:1px 4px 1px 3px;color:#000000;font-style:normal;} .chat.mine {background:rgba(0,0,0,0.05);margin-left:-8px;margin-right:-8px;padding-left:8px;padding-right:8px;} .spoiler {color:#BBBBBB;background:#BBBBBB;padding:0px 3px;} .spoiler:hover, .spoiler:active, .spoiler-shown {color:#000000;background:#E2E2E2;padding:0px 3px;} .spoiler a {color:#BBBBBB;} .spoiler:hover a, .spoiler:active a, .spoiler-shown a {color:#2288CC;} .chat code, .chat .spoiler:hover code, .chat .spoiler:active code, .chat .spoiler-shown code {border:1px solid #C0C0C0;background:#EEEEEE;color:black;padding:0 2px;} .chat .spoiler code {border:1px solid #CCCCCC;background:#CCCCCC;color:#CCCCCC;} .battle-log .rated {padding:3px 4px;} .battle-log .rated strong {color:white;background:#89A;padding:1px 4px;border-radius:4px;} .spacer {margin-top:0.5em;} .message-announce {background:#6688AA;color:white;padding:1px 4px 2px;} .message-announce a, .broadcast-green a, .broadcast-blue a, .broadcast-red a {color:#DDEEFF;} .broadcast-green {background-color:#559955;color:white;padding:2px 4px;} .broadcast-blue {background-color:#6688AA;color:white;padding:2px 4px;} .infobox {border:1px solid #6688AA;padding:2px 4px;} .infobox-limited {max-height:200px;overflow:auto;overflow-x:hidden;} .broadcast-red {background-color:#AA5544;color:white;padding:2px 4px;} .message-learn-canlearn {font-weight:bold;color:#228822;text-decoration:underline;} .message-learn-cannotlearn {font-weight:bold;color:#CC2222;text-decoration:underline;} .message-effect-weak {font-weight:bold;color:#CC2222;} .message-effect-resist {font-weight:bold;color:#6688AA;} .message-effect-immune {font-weight:bold;color:#666666;} .message-learn-list {margin-top:0;margin-bottom:0;} .message-throttle-notice, .message-error {color:#992222;} .message-overflow, .chat small.message-overflow {font-size:0pt;} .message-overflow::before {font-size:9pt;content:'...';} .subtle {color:#3A4A66;}
</style>
<div class="wrapper replay-wrapper" style="max-width:1180px;margin:0 auto">
<input type="hidden" name="replayid" value="gen9natdexdraft-2623799643" />
<div class="battle"></div><div class="battle-log"></div><div class="replay-controls"></div><div class="replay-controls-2"></div>
<h1 style="font-weight:normal;text-align:center"><strong>[Gen 9] NatDex Draft</strong><br /><a href="http://pokemonshowdown.com/users/gymlederbrawl" class="subtle" target="_blank">Gym Leder Brawl</a> vs. <a href="http://pokemonshowdown.com/users/chillerfrost" class="subtle" target="_blank">ChillerFrost</a></h1>
<script type="text/plain" class="battle-log-data">
|j|☆Gym Leder Brawl
|j|☆ChillerFrost
|t:|1780451385
|gametype|singles
|player|p1|Gym Leder Brawl|266|
|player|p2|ChillerFrost|cynthia|
|gen|9
|tier|[Gen 9] NatDex Draft
|rule|Tera Type Preview: Tera Types are shown at Team Preview
|rule|Sleep Clause Mod: Limit one foe put to sleep
|rule|OHKO Clause: OHKO moves are banned
|rule|Evasion Clause: Evasion abilities, items, and moves are banned
|rule|Evasion Abilities Clause: Evasion abilities are banned
|rule|Evasion Items Clause: Evasion items are banned
|rule|Evasion Moves Clause: Evasion moves are banned
|rule|Endless Battle Clause: Forcing endless battles is banned
|rule|HP Percentage Mod: HP is shown in percentages
|raw|<div class="infobox"><details class="readmore" open><summary><strong>1 custom rule:<\/strong><\/summary> Tera Type Preview<\/details><\/div>
|clearpoke
|poke|p1|Talonflame, M|
|poke|p1|Milotic, F|
|poke|p1|Terrakion|
|poke|p1|Florges, F|
|poke|p1|Roserade, F|
|poke|p1|Regieleki|
|poke|p2|Rotom-Frost|
|poke|p2|Sinistcha|
|poke|p2|Salamence, F|
|poke|p2|Mabosstiff, F|
|poke|p2|Klefki, M|
|poke|p2|Espeon, M|
|raw|Gym Leder Brawl's Tera Types:<br \/><psicon pokemon="talonflame" \/><psicon type="Grass" \/> \/ <psicon pokemon="milotic" \/><psicon type="Water" \/> \/ <psicon pokemon="terrakion" \/><psicon type="Rock" \/> \/ <psicon pokemon="florges" \/><psicon type="Poison" \/> \/ <psicon pokemon="roserade" \/><psicon type="Grass" \/> \/ <psicon pokemon="regieleki" \/><psicon type="Electric" \/>
|raw|ChillerFrost's Tera Types:<br \/><psicon pokemon="rotomfrost" \/><psicon type="Electric" \/> \/ <psicon pokemon="sinistcha" \/><psicon type="Poison" \/> \/ <psicon pokemon="salamence" \/><psicon type="Dragon" \/> \/ <psicon pokemon="mabosstiff" \/><psicon type="Dark" \/> \/ <psicon pokemon="klefki" \/><psicon type="Steel" \/> \/ <psicon pokemon="espeon" \/><psicon type="Psychic" \/>
|teampreview
|c|☆ChillerFrost|o\/
|j| Bunnnies
|j| serendipidu
|j| Crown Oji
|j| tomkeap
|
|t:|1780451507
|teamsize|p1|6
|teamsize|p2|6
|start
|switch|p1a: Regieleki|Regieleki|100\/100
|switch|p2a: Rotom|Rotom-Frost|100\/100
|turn|1
|j| Phantom0rion
|
|t:|1780451544
|move|p1a: Regieleki|Light Screen|p1a: Regieleki
|-sidestart|p1: Gym Leder Brawl|move: Light Screen
|move|p2a: Rotom|Volt Switch|p1a: Regieleki
|-resisted|p1a: Regieleki
|-damage|p1a: Regieleki|87\/100
|
|t:|1780451561
|switch|p2a: Mabosstiff|Mabosstiff, F|100\/100|[from] Volt Switch
|
|upkeep
|turn|2
|
|t:|1780451632
|move|p1a: Regieleki|Thunderbolt|p2a: Mabosstiff
|-damage|p2a: Mabosstiff|58\/100
|move|p2a: Mabosstiff|Psychic Fangs|p1a: Regieleki
|-sideend|p1: Gym Leder Brawl|move: Light Screen
|-damage|p1a: Regieleki|41\/100
|
|upkeep
|turn|3
|
|t:|1780451670
|move|p1a: Regieleki|Thunderbolt|p2a: Mabosstiff
|-damage|p2a: Mabosstiff|15\/100
|move|p2a: Mabosstiff|Psychic Fangs|p1a: Regieleki
|-damage|p1a: Regieleki|0 fnt
|faint|p1a: Regieleki
|
|upkeep
|
|t:|1780451717
|switch|p1a: Terrakion|Terrakion|100\/100
|turn|4
|
|t:|1780451727
|switch|p2a: Sinistcha|Sinistcha|100\/100
|move|p1a: Terrakion|Stone Edge|p2a: Sinistcha|[miss]
|-miss|p1a: Terrakion|p2a: Sinistcha
|
|upkeep
|turn|5
|
|t:|1780451743
|switch|p1a: Roserade|Roserade, F|100\/100
|move|p2a: Sinistcha|Stun Spore|p1a: Roserade
|-immune|p1a: Roserade
|
|upkeep
|turn|6
|
|t:|1780451752
|switch|p2a: Espeon|Espeon, M|100\/100
|move|p1a: Roserade|Sludge Bomb|p2a: Espeon
|-damage|p2a: Espeon|38\/100
|
|upkeep
|turn|7
|
|t:|1780451783
|switch|p2a: Klefki|Klefki, M|100\/100
|switch|p1a: Milotic|Milotic, F|100\/100
|
|upkeep
|turn|8
|
|t:|1780451791
|move|p2a: Klefki|Thunder Wave|p1a: Milotic
|-status|p1a: Milotic|par
|move|p1a: Milotic|Scald|p2a: Klefki
|-damage|p2a: Klefki|77\/100
|
|upkeep
|turn|9
|
|t:|1780451798
|move|p2a: Klefki|Light Screen|p2a: Klefki
|-sidestart|p2: ChillerFrost|move: Light Screen
|move|p1a: Milotic|Scald|p2a: Klefki
|-damage|p2a: Klefki|65\/100
|
|upkeep
|turn|10
|
|t:|1780451806
|switch|p2a: Rotom|Rotom-Frost|100\/100
|cant|p1a: Milotic|par
|
|upkeep
|turn|11
|
|t:|1780451823
|switch|p1a: Roserade|Roserade, F|100\/100
|move|p2a: Rotom|Volt Switch|p1a: Roserade
|-resisted|p1a: Roserade
|-crit|p1a: Roserade
|-damage|p1a: Roserade|74\/100
|
|t:|1780451833
|switch|p2a: Klefki|Klefki, M|65\/100|[from] Volt Switch
|
|-heal|p1a: Roserade|81\/100|[from] item: Black Sludge
|upkeep
|turn|12
|
|t:|1780451850
|move|p2a: Klefki|Thunder Wave|p1a: Roserade
|-status|p1a: Roserade|par
|move|p1a: Roserade|Toxic Spikes|p2a: Klefki
|-sidestart|p2: ChillerFrost|move: Toxic Spikes
|
|-heal|p1a: Roserade|87\/100 par|[from] item: Black Sludge
|upkeep
|turn|13
|
|t:|1780451864
|switch|p2a: Rotom|Rotom-Frost|100\/100
|-curestatus|p1a: Roserade|par|[from] ability: Natural Cure|[silent]
|switch|p1a: Milotic|Milotic, F|100\/100 par
|
|upkeep
|turn|14
|
|t:|1780451877
|switch|p1a: Roserade|Roserade, F|87\/100
|move|p2a: Rotom|Thunderbolt|p1a: Roserade
|-resisted|p1a: Roserade
|-crit|p1a: Roserade
|-damage|p1a: Roserade|51\/100
|-status|p1a: Roserade|par
|
|-heal|p1a: Roserade|58\/100 par|[from] item: Black Sludge
|upkeep
|turn|15
|
|t:|1780451910
|switch|p2a: Klefki|Klefki, M|65\/100
|-curestatus|p1a: Roserade|par|[from] ability: Natural Cure|[silent]
|switch|p1a: Florges|Florges, F|100\/100
|
|upkeep
|turn|16
|
|t:|1780451927
|switch|p1a: Milotic|Milotic, F|100\/100 par
|move|p2a: Klefki|Thunder Wave|p1a: Milotic
|-fail|p1a: Milotic|par
|
|-sideend|p2: ChillerFrost|move: Light Screen
|upkeep
|turn|17
|
|t:|1780451934
|move|p2a: Klefki|Light Screen|p2a: Klefki
|-sidestart|p2: ChillerFrost|move: Light Screen
|move|p1a: Milotic|Scald|p2a: Klefki
|-damage|p2a: Klefki|53\/100
|-status|p2a: Klefki|brn
|
|-damage|p2a: Klefki|47\/100 brn|[from] brn
|upkeep
|turn|18
|
|t:|1780451945
|switch|p2a: Sinistcha|Sinistcha|100\/100
|-status|p2a: Sinistcha|psn
|cant|p1a: Milotic|par
|
|-damage|p2a: Sinistcha|88\/100 psn|[from] psn
|upkeep
|turn|19
|
|t:|1780451955
|switch|p1a: Roserade|Roserade, F|58\/100
|move|p2a: Sinistcha|Hex|p1a: Roserade
|-damage|p1a: Roserade|25\/100
|
|-heal|p1a: Roserade|32\/100|[from] item: Black Sludge
|-heal|p2a: Sinistcha|94\/100 psn|[from] item: Leftovers
|-damage|p2a: Sinistcha|82\/100 psn|[from] psn
|upkeep
|turn|20
|
|t:|1780451971
|move|p1a: Roserade|Spikes|p2a: Sinistcha
|-sidestart|p2: ChillerFrost|Spikes
|move|p2a: Sinistcha|Hex|p1a: Roserade
|-damage|p1a: Roserade|0 fnt
|faint|p1a: Roserade
|
|-heal|p2a: Sinistcha|88\/100 psn|[from] item: Leftovers
|-damage|p2a: Sinistcha|75\/100 psn|[from] psn
|upkeep
|
|t:|1780452010
|switch|p1a: Florges|Florges, F|100\/100
|turn|21
|
|t:|1780452017
|switch|p2a: Rotom|Rotom-Frost|100\/100
|move|p1a: Florges|Psychic Noise|p2a: Rotom
|-damage|p2a: Rotom|88\/100
|-start|p2a: Rotom|move: Heal Block
|
|upkeep
|turn|22
|
|t:|1780452028
|switch|p1a: Milotic|Milotic, F|100\/100 par
|move|p2a: Rotom|Trick|p1a: Milotic
|-activate|p2a: Rotom|move: Trick|[of] p1a: Milotic
|-item|p1a: Milotic|Choice Scarf|[from] move: Trick
|-item|p2a: Rotom|Leftovers|[from] move: Trick
|
|-end|p2a: Rotom|move: Heal Block
|upkeep
|turn|23
|
|t:|1780452044
|move|p2a: Rotom|Thunderbolt|p1a: Milotic
|-supereffective|p1a: Milotic
|-damage|p1a: Milotic|44\/100 par
|cant|p1a: Milotic|par
|
|-heal|p2a: Rotom|95\/100|[from] item: Leftovers
|upkeep
|turn|24
|
|t:|1780452069
|switch|p1a: Terrakion|Terrakion|100\/100
|move|p2a: Rotom|Thunderbolt|p1a: Terrakion
|-damage|p1a: Terrakion|57\/100
|
|-heal|p2a: Rotom|100\/100|[from] item: Leftovers
|-sideend|p2: ChillerFrost|move: Light Screen
|upkeep
|turn|25
|
|t:|1780452089
|switch|p2a: Mabosstiff|Mabosstiff, F|15\/100
|-status|p2a: Mabosstiff|psn
|-damage|p2a: Mabosstiff|3\/100 psn|[from] Spikes
|move|p1a: Terrakion|Stealth Rock|p2a: Mabosstiff
|-sidestart|p2: ChillerFrost|move: Stealth Rock
|
|-damage|p2a: Mabosstiff|0 fnt|[from] psn
|faint|p2a: Mabosstiff
|upkeep
|
|t:|1780452112
|switch|p2a: Espeon|Espeon, M|38\/100
|-status|p2a: Espeon|psn
|-damage|p2a: Espeon|26\/100 psn|[from] Spikes
|-damage|p2a: Espeon|13\/100 psn|[from] Stealth Rock
|turn|26
|
|t:|1780452120
|switch|p1a: Milotic|Milotic, F|44\/100 par
|move|p2a: Espeon|Psyshock|p1a: Milotic
|-damage|p1a: Milotic|15\/100 par
|
|-damage|p2a: Espeon|1\/100 psn|[from] psn
|upkeep
|turn|27
|
|t:|1780452129
|move|p2a: Espeon|Psychic Noise|p1a: Milotic
|-damage|p1a: Milotic|0 fnt
|faint|p1a: Milotic
|
|-damage|p2a: Espeon|0 fnt|[from] psn
|faint|p2a: Espeon
|upkeep
|
|t:|1780452140
|switch|p2a: Klefki|Klefki, M|47\/100 brn
|switch|p1a: Terrakion|Terrakion|57\/100
|-damage|p2a: Klefki|34\/100 brn|[from] Spikes
|-damage|p2a: Klefki|28\/100 brn|[from] Stealth Rock
|turn|28
|
|t:|1780452160
|move|p2a: Klefki|Reflect|p2a: Klefki
|-sidestart|p2: ChillerFrost|Reflect
|move|p1a: Terrakion|Close Combat|p2a: Klefki
|-damage|p2a: Klefki|0 fnt
|-unboost|p1a: Terrakion|def|1
|-unboost|p1a: Terrakion|spd|1
|faint|p2a: Klefki
|
|upkeep
|
|t:|1780452185
|switch|p2a: Sinistcha|Sinistcha|75\/100 psn
|-damage|p2a: Sinistcha|63\/100 psn|[from] Spikes
|-damage|p2a: Sinistcha|50\/100 psn|[from] Stealth Rock
|turn|29
|
|t:|1780452197
|switch|p1a: Florges|Florges, F|100\/100
|-terastallize|p2a: Sinistcha|Poison
|move|p2a: Sinistcha|Matcha Gotcha|p1a: Florges
|-damage|p1a: Florges|75\/100
|-heal|p2a: Sinistcha|64\/100 psn|[from] drain|[of] p1a: Florges
|
|-heal|p1a: Florges|82\/100|[from] item: Leftovers
|-heal|p2a: Sinistcha|70\/100 psn|[from] item: Leftovers
|-damage|p2a: Sinistcha|57\/100 psn|[from] psn
|upkeep
|turn|30
|
|t:|1780452216
|move|p1a: Florges|Calm Mind|p1a: Florges
|-boost|p1a: Florges|spa|1
|-boost|p1a: Florges|spd|1
|move|p2a: Sinistcha|Stun Spore|p1a: Florges|[miss]
|-miss|p2a: Sinistcha|p1a: Florges
|
|-heal|p1a: Florges|88\/100|[from] item: Leftovers
|-heal|p2a: Sinistcha|63\/100 psn|[from] item: Leftovers
|-damage|p2a: Sinistcha|51\/100 psn|[from] psn
|upkeep
|turn|31
|
|t:|1780452244
|move|p1a: Florges|Moonblast|p2a: Sinistcha
|-resisted|p2a: Sinistcha
|-damage|p2a: Sinistcha|18\/100 psn
|-unboost|p2a: Sinistcha|spa|1
|move|p2a: Sinistcha|Stun Spore|p1a: Florges|[miss]
|-miss|p2a: Sinistcha|p1a: Florges
|
|-heal|p1a: Florges|94\/100|[from] item: Leftovers
|-heal|p2a: Sinistcha|24\/100 psn|[from] item: Leftovers
|-damage|p2a: Sinistcha|11\/100 psn|[from] psn
|upkeep
|turn|32
|
|t:|1780452256
|move|p1a: Florges|Moonblast|p2a: Sinistcha
|-resisted|p2a: Sinistcha
|-damage|p2a: Sinistcha|0 fnt
|faint|p2a: Sinistcha
|
|-heal|p1a: Florges|99\/100|[from] item: Leftovers
|upkeep
|
|t:|1780452271
|switch|p2a: Salamence|Salamence, F|100\/100
|-damage|p2a: Salamence|76\/100|[from] Stealth Rock
|turn|33
|
|t:|1780452290
|-terastallize|p1a: Florges|Poison
|move|p2a: Salamence|Iron Head|p1a: Florges
|-damage|p1a: Florges|73\/100
|cant|p1a: Florges|flinch
|
|-heal|p1a: Florges|80\/100|[from] item: Leftovers
|upkeep
|turn|34
|
|t:|1780452301
|move|p2a: Salamence|Earthquake|p1a: Florges
|-supereffective|p1a: Florges
|-damage|p1a: Florges|16\/100
|move|p1a: Florges|Moonblast|p2a: Salamence
|-supereffective|p2a: Salamence
|-enditem|p2a: Salamence|Roseli Berry|[eat]
|-enditem|p2a: Salamence|Roseli Berry|[weaken]
|-damage|p2a: Salamence|15\/100
|-unboost|p2a: Salamence|spa|1
|
|-heal|p1a: Florges|22\/100|[from] item: Leftovers
|upkeep
|turn|35
|
|t:|1780452362
|move|p2a: Salamence|Dragon Claw|p1a: Florges
|-damage|p1a: Florges|0 fnt
|faint|p1a: Florges
|-ability|p2a: Salamence|Moxie|boost
|-boost|p2a: Salamence|atk|1
|
|-sideend|p2: ChillerFrost|Reflect
|upkeep
|
|t:|1780452371
|switch|p1a: Terrakion|Terrakion|57\/100
|turn|36
|
|t:|1780452375
|move|p1a: Terrakion|Close Combat|p2a: Salamence
|-resisted|p2a: Salamence
|-damage|p2a: Salamence|0 fnt
|-unboost|p1a: Terrakion|def|1
|-unboost|p1a: Terrakion|spd|1
|faint|p2a: Salamence
|
|upkeep
|
|t:|1780452378
|switch|p2a: Rotom|Rotom-Frost|100\/100
|-damage|p2a: Rotom|76\/100|[from] Stealth Rock
|turn|37
|
|t:|1780452385
|move|p1a: Terrakion|Close Combat|p2a: Rotom
|-supereffective|p2a: Rotom
|-damage|p2a: Rotom|0 fnt
|-unboost|p1a: Terrakion|def|1
|-unboost|p1a: Terrakion|spd|1
|faint|p2a: Rotom
|
|win|Gym Leder Brawl
|c|☆ChillerFrost|GG
|c|☆Gym Leder Brawl|Gg
|c|☆Gym Leder Brawl|Sorry about the stun spores
|c|☆ChillerFrost|eh it happens
|l| Bunnnies

</script>
</div>
<div class="battle-log battle-log-inline"><div class="inner"><div class="battle-options"></div><div class="inner message-log"><div class="chat"><small>☆Gym Leder Brawl and ☆ChillerFrost joined</small></div><div class=""><small>Format:</small> <br><strong>[Gen 9] NatDex Draft</strong></div><div class=""><small><em>Tera Type Preview:</em> Tera Types are shown at Team Preview</small></div><div class=""><small><em>Sleep Clause Mod:</em> Limit one foe put to sleep</small></div><div class=""><small><em>OHKO Clause:</em> OHKO moves are banned</small></div><div class=""><small><em>Evasion Clause:</em> Evasion abilities, items, and moves are banned</small></div><div class=""><small><em>Evasion Abilities Clause:</em> Evasion abilities are banned</small></div><div class=""><small><em>Evasion Items Clause:</em> Evasion items are banned</small></div><div class=""><small><em>Evasion Moves Clause:</em> Evasion moves are banned</small></div><div class=""><small><em>Endless Battle Clause:</em> Forcing endless battles is banned</small></div><div class=""><small><em>HP Percentage Mod:</em> HP is shown in percentages</small></div><div class="chat"><div class="infobox"><details class="readmore" open=""><summary><strong>1 custom rule:</strong></summary> Tera Type Preview</details></div></div><div class="chat">Gym Leder Brawl's Tera Types:<br><span class="picon" style="background:transparent url(https://play.pokemonshowdown.com/sprites/pokemonicons-sheet.png?v22) no-repeat scroll -120px -1650px"></span><img src="https://play.pokemonshowdown.com/sprites/types/Grass.png" alt="Grass" height="14" width="32" class="pixelated"> / <span class="picon" style="background:transparent url(https://play.pokemonshowdown.com/sprites/pokemonicons-sheet.png?v22) no-repeat scroll -80px -870px"></span><img src="https://play.pokemonshowdown.com/sprites/types/Water.png" alt="Water" height="14" width="32" class="pixelated"> / <span class="picon" style="background:transparent url(https://play.pokemonshowdown.com/sprites/pokemonicons-sheet.png?v22) no-repeat scroll -120px -1590px"></span><img src="https://play.pokemonshowdown.com/sprites/types/Rock.png" alt="Rock" height="14" width="32" class="pixelated"> / <span class="picon" style="background:transparent url(https://play.pokemonshowdown.com/sprites/pokemonicons-sheet.png?v22) no-repeat scroll -440px -1650px"></span><img src="https://play.pokemonshowdown.com/sprites/types/Poison.png" alt="Poison" height="14" width="32" class="pixelated"> / <span class="picon" style="background:transparent url(https://play.pokemonshowdown.com/sprites/pokemonicons-sheet.png?v22) no-repeat scroll -440px -990px"></span><img src="https://play.pokemonshowdown.com/sprites/types/Grass.png" alt="Grass" height="14" width="32" class="pixelated"> / <span class="picon" style="background:transparent url(https://play.pokemonshowdown.com/sprites/pokemonicons-sheet.png?v22) no-repeat scroll -240px -2220px"></span><img src="https://play.pokemonshowdown.com/sprites/types/Electric.png" alt="Electric" height="14" width="32" class="pixelated"></div><div class="chat">ChillerFrost's Tera Types:<br><span class="picon" style="background:transparent url(https://play.pokemonshowdown.com/sprites/pokemonicons-sheet.png?v22) no-repeat scroll -40px -2700px"></span><img src="https://play.pokemonshowdown.com/sprites/types/Electric.png" alt="Electric" height="14" width="32" class="pixelated"> / <span class="picon" style="background:transparent url(https://play.pokemonshowdown.com/sprites/pokemonicons-sheet.png?v22) no-repeat scroll -200px -2520px"></span><img src="https://play.pokemonshowdown.com/sprites/types/Poison.png" alt="Poison" height="14" width="32" class="pixelated"> / <span class="picon" style="background:transparent url(https://play.pokemonshowdown.com/sprites/pokemonicons-sheet.png?v22) no-repeat scroll -40px -930px"></span><img src="https://play.pokemonshowdown.com/sprites/types/Dragon.png" alt="Dragon" height="14" width="32" class="pixelated"> / <span class="picon" style="background:transparent url(https://play.pokemonshowdown.com/sprites/pokemonicons-sheet.png?v22) no-repeat scroll -280px -2340px"></span><img src="https://play.pokemonshowdown.com/sprites/types/Dark.png" alt="Dark" height="14" width="32" class="pixelated"> / <span class="picon" style="background:transparent url(https://play.pokemonshowdown.com/sprites/pokemonicons-sheet.png?v22) no-repeat scroll -440px -1740px"></span><img src="https://play.pokemonshowdown.com/sprites/types/Steel.png" alt="Steel" height="14" width="32" class="pixelated"> / <span class="picon" style="background:transparent url(https://play.pokemonshowdown.com/sprites/pokemonicons-sheet.png?v22) no-repeat scroll -160px -480px"></span><img src="https://play.pokemonshowdown.com/sprites/types/Psychic.png" alt="Psychic" height="14" width="32" class="pixelated"></div><div class="chat battle-history"><strong>Gym Leder Brawl's team:</strong> <em style="color:#445566;display:block;">Talonflame / Milotic / Terrakion / Florges / Roserade / Regieleki</em></div><div class="chat battle-history"><strong>ChillerFrost's team:</strong> <em style="color:#445566;display:block;">Rotom-Frost / Sinistcha / Salamence / Mabosstiff / Klefki / Espeon</em></div><div class="chat chatmessage-chillerfrost"><strong style="color:#2aaa9b"><span class="username"><small class="groupsymbol">☆</small>ChillerFrost</span>:</strong> <em>o/</em></div><div class="chat"><small> Bunnnies,  serendipidu,  Crown Oji, and  tomkeap joined</small></div><div class="spacer battle-history"><br></div><div class="battle-history">Battle started between Gym Leder Brawl and ChillerFrost!<br></div><div class="spacer battle-history"><br></div><div class="battle-history">Go! <strong>Regieleki</strong>!<br></div><div class="spacer battle-history"><br></div><div class="battle-history">ChillerFrost sent out Rotom (<strong>Rotom-Frost</strong>)!<br></div><div class="spacer battle-history"><br></div><h2 class="battle-history">Turn 1</h2><div class="chat"><small> Phantom0rion joined</small></div><div class="spacer battle-history"><br></div><div class="battle-history">Regieleki used <strong>Light Screen</strong>!<br></div><div class="battle-history"><small>Light Screen made your team stronger against special moves!</small><br></div><div class="spacer battle-history"><br></div><div class="battle-history">The opposing Rotom used <strong>Volt Switch</strong>!<br></div><div class="battle-history"><small>It's not very effective...</small><br></div><div class="battle-history"><small>(Regieleki lost 13% of its health!)</small><br></div><div class="spacer battle-history"><br></div><div class="battle-history">The opposing Rotom went back to ChillerFrost!<br></div><div class="battle-history">ChillerFrost sent out <strong>Mabosstiff</strong>!<br></div><div class="spacer battle-history"><br></div><h2 class="battle-history">Turn 2</h2><div class="spacer battle-history"><br></div><div class="battle-history">Regieleki used <strong>Thunderbolt</strong>!<br></div><div class="battle-history"><small>(The opposing Mabosstiff lost 42% of its health!)</small><br></div><div class="spacer battle-history"><br></div><div class="battle-history">The opposing Mabosstiff used <strong>Psychic Fangs</strong>!<br></div><div class="battle-history"><small>Your team's Light Screen wore off!</small><br></div><div class="battle-history"><small>(Regieleki lost 46% of its health!)</small><br></div><div class="spacer battle-history"><br></div><h2 class="battle-history">Turn 3</h2><div class="spacer battle-history"><br></div><div class="battle-history">Regieleki used <strong>Thunderbolt</strong>!<br></div><div class="battle-history"><small>(The opposing Mabosstiff lost 43% of its health!)</small><br></div><div class="spacer battle-history"><br></div><div class="battle-history">The opposing Mabosstiff used <strong>Psychic Fangs</strong>!<br></div><div class="battle-history"><small>(Regieleki lost 41% of its health!)</small><br></div><div class="spacer battle-history"><br></div><div class="battle-history">Regieleki fainted!<br></div><div class="spacer battle-history"><br></div><div class="battle-history">Go! <strong>Terrakion</strong>!<br></div><div class="spacer battle-history"><br></div><h2 class="battle-history">Turn 4</h2><div class="spacer battle-history"><br></div><div class="battle-history">ChillerFrost withdrew Mabosstiff!<br></div><div class="battle-history">ChillerFrost sent out <strong>Sinistcha</strong>!<br></div><div class="spacer battle-history"><br></div><div class="battle-history">Terrakion used <strong>Stone Edge</strong>!<br></div><div class="battle-history"><small>The opposing Sinistcha avoided the attack!</small><br></div><div class="spacer battle-history"><br></div><h2 class="battle-history">Turn 5</h2><div class="spacer battle-history"><br></div><div class="battle-history">Terrakion, come back!<br></div><div class="battle-history">Go! <strong>Roserade</strong>!<br></div><div class="spacer battle-history"><br></div><div class="battle-history">The opposing Sinistcha used <strong>Stun Spore</strong>!<br></div><div class="battle-history"><small>It doesn't affect Roserade...</small><br></div><div class="spacer battle-history"><br></div><h2 class="battle-history">Turn 6</h2><div class="spacer battle-history"><br></div><div class="battle-history">ChillerFrost withdrew Sinistcha!<br></div><div class="battle-history">ChillerFrost sent out <strong>Espeon</strong>!<br></div><div class="spacer battle-history"><br></div><div class="battle-history">Roserade used <strong>Sludge Bomb</strong>!<br></div><div class="battle-history"><small>(The opposing Espeon lost 62% of its health!)</small><br></div><div class="spacer battle-history"><br></div><h2 class="battle-history">Turn 7</h2><div class="spacer battle-history"><br></div><div class="battle-history">ChillerFrost withdrew Espeon!<br></div><div class="battle-history">ChillerFrost sent out <strong>Klefki</strong>!<br></div><div class="spacer battle-history"><br></div><div class="battle-history">Roserade, come back!<br></div><div class="battle-history">Go! <strong>Milotic</strong>!<br></div><div class="spacer battle-history"><br></div><h2 class="battle-history">Turn 8</h2><div class="spacer battle-history"><br></div><div class="battle-history">The opposing Klefki used <strong>Thunder Wave</strong>!<br></div><div class="battle-history"><small>Milotic is paralyzed! It may be unable to move!</small><br></div><div class="spacer battle-history"><br></div><div class="battle-history">Milotic used <strong>Scald</strong>!<br></div><div class="battle-history"><small>(The opposing Klefki lost 23% of its health!)</small><br></div><div class="spacer battle-history"><br></div><h2 class="battle-history">Turn 9</h2><div class="spacer battle-history"><br></div><div class="battle-history">The opposing Klefki used <strong>Light Screen</strong>!<br></div><div class="battle-history"><small>Light Screen made the opposing team stronger against special moves!</small><br></div><div class="spacer battle-history"><br></div><div class="battle-history">Milotic used <strong>Scald</strong>!<br></div><div class="battle-history"><small>(The opposing Klefki lost 12% of its health!)</small><br></div><div class="spacer battle-history"><br></div><h2 class="battle-history">Turn 10</h2><div class="spacer battle-history"><br></div><div class="battle-history">ChillerFrost withdrew Klefki!<br></div><div class="battle-history">ChillerFrost sent out Rotom (<strong>Rotom-Frost</strong>)!<br></div><div class="spacer battle-history"><br></div><div class="battle-history">Milotic is paralyzed! It can't move!<br></div><div class="spacer battle-history"><br></div><h2 class="battle-history">Turn 11</h2><div class="spacer battle-history"><br></div><div class="battle-history">Milotic, come back!<br></div><div class="battle-history">Go! <strong>Roserade</strong>!<br></div><div class="spacer battle-history"><br></div><div class="battle-history">The opposing Rotom used <strong>Volt Switch</strong>!<br></div><div class="battle-history"><small>It's not very effective...</small><br></div><div class="battle-history"><small>A critical hit!</small><br></div><div class="battle-history"><small>(Roserade lost 26% of its health!)</small><br></div><div class="spacer battle-history"><br></div><div class="battle-history">The opposing Rotom went back to ChillerFrost!<br></div><div class="battle-history">ChillerFrost sent out <strong>Klefki</strong>!<br></div><div class="spacer battle-history"><br></div><div class="battle-history"><small>Roserade restored a little HP using its Black Sludge!</small><br></div><div class="spacer battle-history"><br></div><h2 class="battle-history">Turn 12</h2><div class="spacer battle-history"><br></div><div class="battle-history">The opposing Klefki used <strong>Thunder Wave</strong>!<br></div><div class="battle-history"><small>Roserade is paralyzed! It may be unable to move!</small><br></div><div class="spacer battle-history"><br></div><div class="battle-history">Roserade used <strong>Toxic Spikes</strong>!<br></div><div class="battle-history"><small>Poison spikes were scattered on the ground all around the opposing team!</small><br></div><div class="spacer battle-history"><br></div><div class="battle-history"><small>Roserade restored a little HP using its Black Sludge!</small><br></div><div class="spacer battle-history"><br></div><h2 class="battle-history">Turn 13</h2><div class="spacer battle-history"><br></div><div class="battle-history">ChillerFrost withdrew Klefki!<br></div><div class="battle-history">ChillerFrost sent out Rotom (<strong>Rotom-Frost</strong>)!<br></div><div class="spacer battle-history"><br></div><div class="battle-history">Roserade, come back!<br></div><div class="battle-history">Go! <strong>Milotic</strong>!<br></div><div class="spacer battle-history"><br></div><h2 class="battle-history">Turn 14</h2><div class="spacer battle-history"><br></div><div class="battle-history">Milotic, come back!<br></div><div class="battle-history">Go! <strong>Roserade</strong>!<br></div><div class="spacer battle-history"><br></div><div class="battle-history">The opposing Rotom used <strong>Thunderbolt</strong>!<br></div><div class="battle-history"><small>It's not very effective...</small><br></div><div class="battle-history"><small>A critical hit!</small><br></div><div class="battle-history"><small>(Roserade lost 36% of its health!)</small><br></div><div class="battle-history"><small>Roserade is paralyzed! It may be unable to move!</small><br></div><div class="spacer battle-history"><br></div><div class="battle-history"><small>Roserade restored a little HP using its Black Sludge!</small><br></div><div class="spacer battle-history"><br></div><h2 class="battle-history">Turn 15</h2><div class="spacer battle-history"><br></div><div class="battle-history">ChillerFrost withdrew Rotom!<br></div><div class="battle-history">ChillerFrost sent out <strong>Klefki</strong>!<br></div><div class="spacer battle-history"><br></div><div class="battle-history">Roserade, come back!<br></div><div class="battle-history">Go! <strong>Florges</strong>!<br></div><div class="spacer battle-history"><br></div><h2 class="battle-history">Turn 16</h2><div class="spacer battle-history"><br></div><div class="battle-history">Florges, come back!<br></div><div class="battle-history">Go! <strong>Milotic</strong>!<br></div><div class="spacer battle-history"><br></div><div class="battle-history">The opposing Klefki used <strong>Thunder Wave</strong>!<br></div><div class="battle-history"><small>Milotic is already paralyzed!</small><br></div><div class="spacer battle-history"><br></div><div class="battle-history"><small>The opposing team's Light Screen wore off!</small><br></div><div class="spacer battle-history"><br></div><h2 class="battle-history">Turn 17</h2><div class="spacer battle-history"><br></div><div class="battle-history">The opposing Klefki used <strong>Light Screen</strong>!<br></div><div class="battle-history"><small>Light Screen made the opposing team stronger against special moves!</small><br></div><div class="spacer battle-history"><br></div><div class="battle-history">Milotic used <strong>Scald</strong>!<br></div><div class="battle-history"><small>(The opposing Klefki lost 12% of its health!)</small><br></div><div class="battle-history"><small>The opposing Klefki was burned!</small><br></div><div class="spacer battle-history"><br></div><div class="battle-history"><small>The opposing Klefki was hurt by its burn!</small><br></div><div class="spacer battle-history"><br></div><h2 class="battle-history">Turn 18</h2><div class="spacer battle-history"><br></div><div class="battle-history">ChillerFrost withdrew Klefki!<br></div><div class="battle-history">ChillerFrost sent out <strong>Sinistcha</strong>!<br></div><div class="battle-history"><small>The opposing Sinistcha was poisoned!</small><br></div><div class="spacer battle-history"><br></div><div class="battle-history">Milotic is paralyzed! It can't move!<br></div><div class="spacer battle-history"><br></div><div class="battle-history"><small>The opposing Sinistcha was hurt by poison!</small><br></div><div class="spacer battle-history"><br></div><h2 class="battle-history">Turn 19</h2><div class="spacer battle-history"><br></div><div class="battle-history">Milotic, come back!<br></div><div class="battle-history">Go! <strong>Roserade</strong>!<br></div><div class="spacer battle-history"><br></div><div class="battle-history">The opposing Sinistcha used <strong>Hex</strong>!<br></div><div class="battle-history"><small>(Roserade lost 33% of its health!)</small><br></div><div class="spacer battle-history"><br></div><div class="battle-history"><small>Roserade restored a little HP using its Black Sludge!</small><br></div><div class="battle-history"><small>The opposing Sinistcha restored a little HP using its Leftovers!</small><br></div><div class="battle-history"><small>The opposing Sinistcha was hurt by poison!</small><br></div><div class="spacer battle-history"><br></div><h2 class="battle-history">Turn 20</h2><div class="spacer battle-history"><br></div><div class="battle-history">Roserade used <strong>Spikes</strong>!<br></div><div class="battle-history"><small>Spikes were scattered on the ground all around the opposing team!</small><br></div><div class="spacer battle-history"><br></div><div class="battle-history">The opposing Sinistcha used <strong>Hex</strong>!<br></div><div class="battle-history"><small>(Roserade lost 32% of its health!)</small><br></div><div class="spacer battle-history"><br></div><div class="battle-history">Roserade fainted!<br></div><div class="spacer battle-history"><br></div><div class="battle-history"><small>The opposing Sinistcha restored a little HP using its Leftovers!</small><br></div><div class="battle-history"><small>The opposing Sinistcha was hurt by poison!</small><br></div><div class="spacer battle-history"><br></div><div class="battle-history">Go! <strong>Florges</strong>!<br></div><div class="spacer battle-history"><br></div><h2 class="battle-history">Turn 21</h2><div class="spacer battle-history"><br></div><div class="battle-history">ChillerFrost withdrew Sinistcha!<br></div><div class="battle-history">ChillerFrost sent out Rotom (<strong>Rotom-Frost</strong>)!<br></div><div class="spacer battle-history"><br></div><div class="battle-history">Florges used <strong>Psychic Noise</strong>!<br></div><div class="battle-history"><small>(The opposing Rotom lost 12% of its health!)</small><br></div><div class="battle-history"><small>The opposing Rotom was prevented from healing!</small><br></div><div class="spacer battle-history"><br></div><h2 class="battle-history">Turn 22</h2><div class="spacer battle-history"><br></div><div class="battle-history">Florges, come back!<br></div><div class="battle-history">Go! <strong>Milotic</strong>!<br></div><div class="spacer battle-history"><br></div><div class="battle-history">The opposing Rotom used <strong>Trick</strong>!<br></div><div class="battle-history"><small>The opposing Rotom switched items with its target!</small><br></div><div class="battle-history"><small>Milotic obtained one Choice Scarf.</small><br></div><div class="battle-history"><small>The opposing Rotom obtained one Leftovers.</small><br></div><div class="spacer battle-history"><br></div><div class="battle-history"><small>The opposing Rotom is no longer prevented from healing!</small><br></div><div class="spacer battle-history"><br></div><h2 class="battle-history">Turn 23</h2><div class="spacer battle-history"><br></div><div class="battle-history">The opposing Rotom used <strong>Thunderbolt</strong>!<br></div><div class="battle-history"><small>It's super effective!</small><br></div><div class="battle-history"><small>(Milotic lost 56% of its health!)</small><br></div><div class="spacer battle-history"><br></div><div class="battle-history">Milotic is paralyzed! It can't move!<br></div><div class="spacer battle-history"><br></div><div class="battle-history"><small>The opposing Rotom restored a little HP using its Leftovers!</small><br></div><div class="spacer battle-history"><br></div><h2 class="battle-history">Turn 24</h2><div class="spacer battle-history"><br></div><div class="battle-history">Milotic, come back!<br></div><div class="battle-history">Go! <strong>Terrakion</strong>!<br></div><div class="spacer battle-history"><br></div><div class="battle-history">The opposing Rotom used <strong>Thunderbolt</strong>!<br></div><div class="battle-history"><small>(Terrakion lost 43% of its health!)</small><br></div><div class="spacer battle-history"><br></div><div class="battle-history"><small>The opposing Rotom restored a little HP using its Leftovers!</small><br></div><div class="battle-history"><small>The opposing team's Light Screen wore off!</small><br></div><div class="spacer battle-history"><br></div><h2 class="battle-history">Turn 25</h2><div class="spacer battle-history"><br></div><div class="battle-history">ChillerFrost withdrew Rotom!<br></div><div class="battle-history">ChillerFrost sent out <strong>Mabosstiff</strong>!<br></div><div class="battle-history"><small>The opposing Mabosstiff was poisoned!</small><br></div><div class="battle-history"><small>The opposing Mabosstiff was hurt by the spikes!</small><br></div><div class="spacer battle-history"><br></div><div class="battle-history">Terrakion used <strong>Stealth Rock</strong>!<br></div><div class="battle-history"><small>Pointed stones float in the air around the opposing team!</small><br></div><div class="spacer battle-history"><br></div><div class="battle-history"><small>The opposing Mabosstiff was hurt by poison!</small><br></div><div class="spacer battle-history"><br></div><div class="battle-history">The opposing Mabosstiff fainted!<br></div><div class="spacer battle-history"><br></div><div class="battle-history">ChillerFrost sent out <strong>Espeon</strong>!<br></div><div class="battle-history"><small>The opposing Espeon was poisoned!</small><br></div><div class="battle-history"><small>The opposing Espeon was hurt by the spikes!</small><br></div><div class="battle-history"><small>Pointed stones dug into the opposing Espeon!</small><br></div><div class="spacer battle-history"><br></div><h2 class="battle-history">Turn 26</h2><div class="spacer battle-history"><br></div><div class="battle-history">Terrakion, come back!<br></div><div class="battle-history">Go! <strong>Milotic</strong>!<br></div><div class="spacer battle-history"><br></div><div class="battle-history">The opposing Espeon used <strong>Psyshock</strong>!<br></div><div class="battle-history"><small>(Milotic lost 29% of its health!)</small><br></div><div class="spacer battle-history"><br></div><div class="battle-history"><small>The opposing Espeon was hurt by poison!</small><br></div><div class="spacer battle-history"><br></div><h2 class="battle-history">Turn 27</h2><div class="spacer battle-history"><br></div><div class="battle-history">The opposing Espeon used <strong>Psychic Noise</strong>!<br></div><div class="battle-history"><small>(Milotic lost 15% of its health!)</small><br></div><div class="spacer battle-history"><br></div><div class="battle-history">Milotic fainted!<br></div><div class="spacer battle-history"><br></div><div class="battle-history"><small>The opposing Espeon was hurt by poison!</small><br></div><div class="spacer battle-history"><br></div><div class="battle-history">The opposing Espeon fainted!<br></div><div class="spacer battle-history"><br></div><div class="battle-history">ChillerFrost sent out <strong>Klefki</strong>!<br></div><div class="spacer battle-history"><br></div><div class="battle-history">Go! <strong>Terrakion</strong>!<br></div><div class="battle-history"><small>The opposing Klefki was hurt by the spikes!</small><br></div><div class="battle-history"><small>Pointed stones dug into the opposing Klefki!</small><br></div><div class="spacer battle-history"><br></div><h2 class="battle-history">Turn 28</h2><div class="spacer battle-history"><br></div><div class="battle-history">The opposing Klefki used <strong>Reflect</strong>!<br></div><div class="battle-history"><small>Reflect made the opposing team stronger against physical moves!</small><br></div><div class="spacer battle-history"><br></div><div class="battle-history">Terrakion used <strong>Close Combat</strong>!<br></div><div class="battle-history"><small>(The opposing Klefki lost 28% of its health!)</small><br></div><div class="battle-history"><small>Terrakion's Defense fell!</small><br></div><div class="battle-history"><small>Terrakion's Sp. Def fell!</small><br></div><div class="spacer battle-history"><br></div><div class="battle-history">The opposing Klefki fainted!<br></div><div class="spacer battle-history"><br></div><div class="battle-history">ChillerFrost sent out <strong>Sinistcha</strong>!<br></div><div class="battle-history"><small>The opposing Sinistcha was hurt by the spikes!</small><br></div><div class="battle-history"><small>Pointed stones dug into the opposing Sinistcha!</small><br></div><div class="spacer battle-history"><br></div><h2 class="battle-history">Turn 29</h2><div class="spacer battle-history"><br></div><div class="battle-history">Terrakion, come back!<br></div><div class="battle-history">Go! <strong>Florges</strong>!<br></div><div class="spacer battle-history"><br></div><div class="battle-history"><small>The opposing Sinistcha has Terastallized into the Poison-type!</small><br></div><div class="spacer battle-history"><br></div><div class="battle-history">The opposing Sinistcha used <strong>Matcha Gotcha</strong>!<br></div><div class="battle-history"><small>(Florges lost 25% of its health!)</small><br></div><div class="battle-history"><small>Florges had its energy drained!</small><br></div><div class="spacer battle-history"><br></div><div class="battle-history"><small>Florges restored a little HP using its Leftovers!</small><br></div><div class="battle-history"><small>The opposing Sinistcha restored a little HP using its Leftovers!</small><br></div><div class="battle-history"><small>The opposing Sinistcha was hurt by poison!</small><br></div><div class="spacer battle-history"><br></div><h2 class="battle-history">Turn 30</h2><div class="spacer battle-history"><br></div><div class="battle-history">Florges used <strong>Calm Mind</strong>!<br></div><div class="battle-history"><small>Florges's Sp. Atk rose!</small><br></div><div class="battle-history"><small>Florges's Sp. Def rose!</small><br></div><div class="spacer battle-history"><br></div><div class="battle-history">The opposing Sinistcha used <strong>Stun Spore</strong>!<br></div><div class="battle-history"><small>Florges avoided the attack!</small><br></div><div class="spacer battle-history"><br></div><div class="battle-history"><small>Florges restored a little HP using its Leftovers!</small><br></div><div class="battle-history"><small>The opposing Sinistcha restored a little HP using its Leftovers!</small><br></div><div class="battle-history"><small>The opposing Sinistcha was hurt by poison!</small><br></div><div class="spacer battle-history"><br></div><h2 class="battle-history">Turn 31</h2><div class="spacer battle-history"><br></div><div class="battle-history">Florges used <strong>Moonblast</strong>!<br></div><div class="battle-history"><small>It's not very effective...</small><br></div><div class="battle-history"><small>(The opposing Sinistcha lost 33% of its health!)</small><br></div><div class="battle-history"><small>The opposing Sinistcha's Sp. Atk fell!</small><br></div><div class="spacer battle-history"><br></div><div class="battle-history">The opposing Sinistcha used <strong>Stun Spore</strong>!<br></div><div class="battle-history"><small>Florges avoided the attack!</small><br></div><div class="spacer battle-history"><br></div><div class="battle-history"><small>Florges restored a little HP using its Leftovers!</small><br></div><div class="battle-history"><small>The opposing Sinistcha restored a little HP using its Leftovers!</small><br></div><div class="battle-history"><small>The opposing Sinistcha was hurt by poison!</small><br></div><div class="spacer battle-history"><br></div><h2 class="battle-history">Turn 32</h2><div class="spacer battle-history"><br></div><div class="battle-history">Florges used <strong>Moonblast</strong>!<br></div><div class="battle-history"><small>It's not very effective...</small><br></div><div class="battle-history"><small>(The opposing Sinistcha lost 11% of its health!)</small><br></div><div class="spacer battle-history"><br></div><div class="battle-history">The opposing Sinistcha fainted!<br></div><div class="spacer battle-history"><br></div><div class="battle-history"><small>Florges restored a little HP using its Leftovers!</small><br></div><div class="spacer battle-history"><br></div><div class="battle-history">ChillerFrost sent out <strong>Salamence</strong>!<br></div><div class="battle-history"><small>Pointed stones dug into the opposing Salamence!</small><br></div><div class="spacer battle-history"><br></div><h2 class="battle-history">Turn 33</h2><div class="spacer battle-history"><br></div><div class="battle-history"><small>Florges has Terastallized into the Poison-type!</small><br></div><div class="spacer battle-history"><br></div><div class="battle-history">The opposing Salamence used <strong>Iron Head</strong>!<br></div><div class="battle-history"><small>(Florges lost 26% of its health!)</small><br></div><div class="spacer battle-history"><br></div><div class="battle-history">Florges flinched and couldn't move!<br></div><div class="spacer battle-history"><br></div><div class="battle-history"><small>Florges restored a little HP using its Leftovers!</small><br></div><div class="spacer battle-history"><br></div><h2 class="battle-history">Turn 34</h2><div class="spacer battle-history"><br></div><div class="battle-history">The opposing Salamence used <strong>Earthquake</strong>!<br></div><div class="battle-history"><small>It's super effective!</small><br></div><div class="battle-history"><small>(Florges lost 64% of its health!)</small><br></div><div class="spacer battle-history"><br></div><div class="battle-history">Florges used <strong>Moonblast</strong>!<br></div><div class="battle-history"><small>It's super effective!</small><br></div><div class="battle-history"><small>(The opposing Salamence ate its Roseli Berry!)</small><br></div><div class="battle-history"><small>The Roseli Berry weakened the damage to the opposing Salamence!</small><br></div><div class="battle-history"><small>(The opposing Salamence lost 61% of its health!)</small><br></div><div class="battle-history"><small>The opposing Salamence's Sp. Atk fell!</small><br></div><div class="spacer battle-history"><br></div><div class="battle-history"><small>Florges restored a little HP using its Leftovers!</small><br></div><div class="spacer battle-history"><br></div><h2 class="battle-history">Turn 35</h2><div class="spacer battle-history"><br></div><div class="battle-history">The opposing Salamence used <strong>Dragon Claw</strong>!<br></div><div class="battle-history"><small>(Florges lost 22% of its health!)</small><br></div><div class="spacer battle-history"><br></div><div class="battle-history">Florges fainted!<br></div><div class="battle-history">[The opposing Salamence's Moxie]<br></div><div class="battle-history"><small>The opposing Salamence's Attack rose!</small><br></div><div class="spacer battle-history"><br></div><div class="battle-history"><small>The opposing team's Reflect wore off!</small><br></div><div class="spacer battle-history"><br></div><div class="battle-history">Go! <strong>Terrakion</strong>!<br></div><div class="spacer battle-history"><br></div><h2 class="battle-history">Turn 36</h2><div class="spacer battle-history"><br></div><div class="battle-history">Terrakion used <strong>Close Combat</strong>!<br></div><div class="battle-history"><small>It's not very effective...</small><br></div><div class="battle-history"><small>(The opposing Salamence lost 15% of its health!)</small><br></div><div class="battle-history"><small>Terrakion's Defense fell!</small><br></div><div class="battle-history"><small>Terrakion's Sp. Def fell!</small><br></div><div class="spacer battle-history"><br></div><div class="battle-history">The opposing Salamence fainted!<br></div><div class="spacer battle-history"><br></div><div class="battle-history">ChillerFrost sent out Rotom (<strong>Rotom-Frost</strong>)!<br></div><div class="battle-history"><small>Pointed stones dug into the opposing Rotom!</small><br></div><div class="spacer battle-history"><br></div><h2 class="battle-history">Turn 37</h2><div class="spacer battle-history"><br></div><div class="battle-history">Terrakion used <strong>Close Combat</strong>!<br></div><div class="battle-history"><small>It's super effective!</small><br></div><div class="battle-history"><small>(The opposing Rotom lost 76% of its health!)</small><br></div><div class="battle-history"><small>Terrakion's Defense fell!</small><br></div><div class="battle-history"><small>Terrakion's Sp. Def fell!</small><br></div><div class="spacer battle-history"><br></div><div class="battle-history">The opposing Rotom fainted!<br></div><div class="spacer battle-history"><br></div><div class="battle-history"><strong>Gym Leder Brawl</strong> won the battle!<br></div><div class="chat chatmessage-chillerfrost"><strong style="color:#2aaa9b"><span class="username"><small class="groupsymbol">☆</small>ChillerFrost</span>:</strong> <em>GG</em></div><div class="chat chatmessage-gymlederbrawl"><strong style="color:#33a661"><span class="username"><small class="groupsymbol">☆</small>Gym Leder Brawl</span>:</strong> <em>Gg</em></div><div class="chat chatmessage-gymlederbrawl"><strong style="color:#33a661"><span class="username"><small class="groupsymbol">☆</small>Gym Leder Brawl</span>:</strong> <em>Sorry about the stun spores</em></div><div class="chat chatmessage-chillerfrost"><strong style="color:#2aaa9b"><span class="username"><small class="groupsymbol">☆</small>ChillerFrost</span>:</strong> <em>eh it happens</em></div><div class="chat"><small> Bunnnies left</small></div></div><div class="inner-preempt message-log"></div></div></div>
</div>
<script>
let daily = Math.floor(Date.now()/1000/60/60/24);document.write('<script src="https://play.pokemonshowdown.com/js/replay-embed.js?version'+daily+'"></'+'script>');
</script>
