<!DOCTYPE html>
<meta charset="utf-8" />
<!-- version 1 -->
<title>[Gen 9] NatDex Draft replay: Gym Leder Brawl vs. Contranaut</title>
<style>
html,body {font-family:Verdana, sans-serif;font-size:10pt;margin:0;padding:0;}body{padding:12px 0;} .battle-log {font-family:Verdana, sans-serif;font-size:10pt;} .battle-log-inline {border:1px solid #AAAAAA;background:#EEF2F5;color:black;max-width:640px;margin:0 auto 80px;padding-bottom:5px;} .battle-log .inner {padding:4px 8px 0px 8px;} .battle-log .inner-preempt {padding:0 8px 4px 8px;} .battle-log .inner-after {margin-top:0.5em;} .battle-log h2 {margin:0.5em -8px;padding:4px 8px;border:1px solid #AAAAAA;background:#E0E7EA;border-left:0;border-right:0;font-family:Verdana, sans-serif;font-size:13pt;} .battle-log .chat {vertical-align:middle;padding:3px 0 3px 0;font-size:8pt;} .battle-log .chat strong {color:#40576A;} .battle-log .chat em {padding:1px 4px 1px 3px;color:#000000;font-style:normal;} .chat.mine {background:rgba(0,0,0,0.05);margin-left:-8px;margin-right:-8px;padding-left:8px;padding-right:8px;} .spoiler {color:#BBBBBB;background:#BBBBBB;padding:0px 3px;} .spoiler:hover, .spoiler:active, .spoiler-shown {color:#000000;background:#E2E2E2;padding:0px 3px;} .spoiler a {color:#BBBBBB;} .spoiler:hover a, .spoiler:active a, .spoiler-shown a {color:#2288CC;} .chat code, .chat .spoiler:hover code, .chat .spoiler:active code, .chat .spoiler-shown code {border:1px solid #C0C0C0;background:#EEEEEE;color:black;padding:0 2px;} .chat .spoiler code {border:1px solid #CCCCCC;background:#CCCCCC;color:#CCCCCC;} .battle-log .rated {padding:3px 4px;} .battle-log .rated strong {color:white;background:#89A;padding:1px 4px;border-radius:4px;} .spacer {margin-top:0.5em;} .message-announce {background:#6688AA;color:white;padding:1px 4px 2px;} .message-announce a, .broadcast-green a, .broadcast-blue a, .broadcast-red a {color:#DDEEFF;} .broadcast-green {background-color:#559955;color:white;padding:2px 4px;} .broadcast-blue {background-color:#6688AA;color:white;padding:2px 4px;} .infobox {border:1px solid #6688AA;padding:2px 4px;} .infobox-limited {max-height:200px;overflow:auto;overflow-x:hidden;} .broadcast-red {background-color:#AA5544;color:white;padding:2px 4px;} .message-learn-canlearn {font-weight:bold;color:#228822;text-decoration:underline;} .message-learn-cannotlearn {font-weight:bold;color:#CC2222;text-decoration:underline;} .message-effect-weak {font-weight:bold;color:#CC2222;} .message-effect-resist {font-weight:bold;color:#6688AA;} .message-effect-immune {font-weight:bold;color:#666666;} .message-learn-list {margin-top:0;margin-bottom:0;} .message-throttle-notice, .message-error {color:#992222;} .message-overflow, .chat small.message-overflow {font-size:0pt;} .message-overflow::before {font-size:9pt;content:'...';} .subtle {color:#3A4A66;}
</style>
<div class="wrapper replay-wrapper" style="max-width:1180px;margin:0 auto">
<input type="hidden" name="replayid" value="gen9natdexdraft-2451443602" />
<div class="battle"></div><div class="battle-log"></div><div class="replay-controls"></div><div class="replay-controls-2"></div>
<h1 style="font-weight:normal;text-align:center"><strong>[Gen 9] NatDex Draft</strong><br /><a href="http://pokemonshowdown.com/users/gymlederbrawl" class="subtle" target="_blank">Gym Leder Brawl</a> vs. <a href="http://pokemonshowdown.com/users/contranaut" class="subtle" target="_blank">Contranaut</a></h1>
<script type="text/plain" class="battle-log-data">
|j|☆Gym Leder Brawl
|j|☆Contranaut
|t:|1759120882
|gametype|singles
|player|p1|Gym Leder Brawl|1|
|player|p2|Contranaut|steven|
|gen|9
|tier|[Gen 9] NatDex Draft
|rule|Tera Type Preview: Tera Types are shown at Team Preview
|rule|Sleep Clause Mod: Limit one foe put to sleep
|rule|OHKO Clause: OHKO moves are banned
|rule|Evasion Clause: Evasion abilities, items, and moves are banned
|rule|Evasion Abilities Clause: Evasion abilities are banned
|rule|Evasion Items Clause: Evasion items are banned
|rule|Evasion Moves Clause: Evasion moves are banned
|rule|Endless Battle Clause: Forcing endless battles is banned
|rule|HP Percentage Mod: HP is shown in percentages
|raw|<div class="infobox"><details class="readmore" open><summary><strong>1 custom rule:<\/strong><\/summary> Tera Type Preview<\/details><\/div>
|clearpoke
|poke|p1|Landorus, M|
|poke|p1|Excadrill, F|
|poke|p1|Marshadow|
|poke|p1|Solgaleo|
|poke|p1|Tangrowth, M|
|poke|p1|Tyranitar, M|
|poke|p2|Mewtwo|
|poke|p2|Giratina-Origin|
|poke|p2|Great Tusk|
|poke|p2|Sneasler, M|
|poke|p2|Tapu Fini|
|poke|p2|Orthworm, F|
|raw|Gym Leder Brawl's Tera Types:<br \/><psicon pokemon="landorus" \/><psicon type="Ground" \/> \/ <psicon pokemon="excadrill" \/><psicon type="Ground" \/> \/ <psicon pokemon="marshadow" \/><psicon type="Fighting" \/> \/ <psicon pokemon="solgaleo" \/><psicon type="Psychic" \/> \/ <psicon pokemon="tangrowth" \/><psicon type="Grass" \/> \/ <psicon pokemon="tyranitar" \/><psicon type="Fairy" \/>
|raw|Contranaut's Tera Types:<br \/><psicon pokemon="mewtwo" \/><psicon type="Psychic" \/> \/ <psicon pokemon="giratinaorigin" \/><psicon type="Ghost" \/> \/ <psicon pokemon="greattusk" \/><psicon type="Flying" \/> \/ <psicon pokemon="sneasler" \/><psicon type="Fighting" \/> \/ <psicon pokemon="tapufini" \/><psicon type="Water" \/> \/ <psicon pokemon="orthworm" \/><psicon type="Steel" \/>
|teampreview
|c|☆Contranaut|glhf
|j| ChillerFrost
|j| phantom0rion
|j| kaui
|c| ChillerFrost|this shit better not tie too
|c| ChillerFrost|xd
|c| kaui|FUCK THE YANKEES
|j| serendipidu
|c| ChillerFrost|FUCK THE YANKEES
|j| doctashockfan
|c|☆Contranaut|FUCK DA SOX
|c| ChillerFrost|cant believe i watched the second highest scoring tie in nfl history tonight
|c| ChillerFrost|so glad this game cant end in a tie
|c|☆Contranaut|wait wtf
|
|t:|1759121008
|teamsize|p1|6
|teamsize|p2|6
|start
|switch|p1a: Marshadow|Marshadow|100\/100
|switch|p2a: Orthworm|Orthworm, F|100\/100
|turn|1
|c|☆Contranaut|I should have watched damn
|c| ChillerFrost|40-40
|
|t:|1759121040
|switch|p2a: Great Tusk|Great Tusk|100\/100
|move|p1a: Marshadow|Close Combat|p2a: Great Tusk
|-damage|p2a: Great Tusk|65\/100
|-unboost|p1a: Marshadow|def|1
|-unboost|p1a: Marshadow|spd|1
|-damage|p1a: Marshadow|84\/100|[from] item: Rocky Helmet|[of] p2a: Great Tusk
|
|upkeep
|turn|2
|j| foodss
|j| Doctashock
|c| Doctashock|fuck the yankees true that
|
|t:|1759121136
|switch|p1a: Tangrowth|Tangrowth, M|100\/100
|-terastallize|p2a: Great Tusk|Flying
|move|p2a: Great Tusk|Substitute|p2a: Great Tusk
|-start|p2a: Great Tusk|Substitute
|-damage|p2a: Great Tusk|40\/100
|
|upkeep
|turn|3
|
|t:|1759121147
|move|p2a: Great Tusk|Ice Spinner|p1a: Tangrowth
|-supereffective|p1a: Tangrowth
|-damage|p1a: Tangrowth|55\/100
|-damage|p2a: Great Tusk|23\/100|[from] item: Rocky Helmet|[of] p1a: Tangrowth
|move|p1a: Tangrowth|Giga Drain|p2a: Great Tusk
|-resisted|p2a: Great Tusk
|-activate|p2a: Great Tusk|move: Substitute|[damage]
|-heal|p1a: Tangrowth|65\/100|[from] drain|[of] p2a: Great Tusk
|
|upkeep
|turn|4
|
|t:|1759121159
|move|p2a: Great Tusk|Ice Spinner|p1a: Tangrowth
|-supereffective|p1a: Tangrowth
|-damage|p1a: Tangrowth|18\/100
|-damage|p2a: Great Tusk|7\/100|[from] item: Rocky Helmet|[of] p1a: Tangrowth
|move|p1a: Tangrowth|Giga Drain|p2a: Great Tusk
|-resisted|p2a: Great Tusk
|-end|p2a: Great Tusk|Substitute
|-heal|p1a: Tangrowth|22\/100|[from] drain|[of] p2a: Great Tusk
|
|upkeep
|turn|5
|
|t:|1759121178
|-end|p2a: Great Tusk|Protosynthesis|[silent]
|switch|p2a: Orthworm|Orthworm, F|100\/100
|switch|p1a: Marshadow|Marshadow|84\/100
|
|upkeep
|turn|6
|
|t:|1759121215
|switch|p2a: Great Tusk|Great Tusk, tera:Flying|7\/100
|move|p1a: Marshadow|Poltergeist|p2a: Great Tusk
|-activate|p2a: Great Tusk|move: Poltergeist|Rocky Helmet
|-damage|p2a: Great Tusk|0 fnt
|faint|p2a: Great Tusk
|-end|p2a: Great Tusk|Protosynthesis|[silent]
|
|upkeep
|
|t:|1759121298
|switch|p2a: Mewtwo|Mewtwo|100\/100
|-ability|p2a: Mewtwo|Unnerve
|turn|7
|
|t:|1759121307
|switch|p1a: Solgaleo|Solgaleo|100\/100
|move|p2a: Mewtwo|Aura Sphere|p1a: Solgaleo
|-damage|p1a: Solgaleo|82\/100
|
|-heal|p1a: Solgaleo|89\/100|[from] item: Leftovers
|upkeep
|turn|8
|
|t:|1759121332
|move|p2a: Mewtwo|Knock Off|p1a: Solgaleo
|-supereffective|p1a: Solgaleo
|-damage|p1a: Solgaleo|58\/100
|-enditem|p1a: Solgaleo|Leftovers|[from] move: Knock Off|[of] p2a: Mewtwo
|move|p1a: Solgaleo|Teleport|p1a: Solgaleo
|
|t:|1759121337
|switch|p1a: Tyranitar|Tyranitar, M|100\/100|[from] Teleport
|-weather|Sandstorm|[from] ability: Sand Stream|[of] p1a: Tyranitar
|
|-weather|Sandstorm|[upkeep]
|-damage|p2a: Mewtwo|94\/100|[from] Sandstorm
|upkeep
|turn|9
|
|t:|1759121395
|move|p2a: Mewtwo|Psystrike|p1a: Tyranitar
|-immune|p1a: Tyranitar
|move|p1a: Tyranitar|Knock Off|p2a: Mewtwo
|-supereffective|p2a: Mewtwo
|-damage|p2a: Mewtwo|0 fnt
|-enditem|p2a: Mewtwo|Assault Vest|[from] move: Knock Off|[of] p1a: Tyranitar
|faint|p2a: Mewtwo
|
|-weather|Sandstorm|[upkeep]
|upkeep
|
|t:|1759121408
|switch|p2a: Orthworm|Orthworm, F|100\/100
|turn|10
|j| Bunnnies
|
|t:|1759121440
|switch|p1a: Tangrowth|Tangrowth, M|55\/100
|move|p2a: Orthworm|Stealth Rock|p1a: Tangrowth
|-sidestart|p1: Gym Leder Brawl|move: Stealth Rock
|
|-weather|Sandstorm|[upkeep]
|-damage|p1a: Tangrowth|49\/100|[from] Sandstorm
|upkeep
|turn|11
|
|t:|1759121476
|move|p2a: Orthworm|Spikes|p1a: Tangrowth
|-sidestart|p1: Gym Leder Brawl|Spikes
|move|p1a: Tangrowth|Leech Seed|p2a: Orthworm
|-start|p2a: Orthworm|move: Leech Seed
|
|-weather|Sandstorm|[upkeep]
|-damage|p1a: Tangrowth|43\/100|[from] Sandstorm
|-damage|p2a: Orthworm|88\/100|[from] Leech Seed|[of] p1a: Tangrowth
|-heal|p1a: Tangrowth|53\/100|[silent]
|upkeep
|turn|12
|
|t:|1759121504
|switch|p2a: Giratina|Giratina-Origin|100\/100
|move|p1a: Tangrowth|Knock Off|p2a: Giratina
|-supereffective|p2a: Giratina
|-damage|p2a: Giratina|81\/100
|
|-weather|none
|upkeep
|turn|13
|
|t:|1759121521
|switch|p1a: Tyranitar|Tyranitar, M|100\/100
|-damage|p1a: Tyranitar|88\/100|[from] Stealth Rock
|-damage|p1a: Tyranitar|76\/100|[from] Spikes
|-weather|Sandstorm|[from] ability: Sand Stream|[of] p1a: Tyranitar
|move|p2a: Giratina|Draco Meteor|p1a: Tyranitar
|-damage|p1a: Tyranitar|38\/100
|-unboost|p2a: Giratina|spa|2
|
|-weather|Sandstorm|[upkeep]
|-damage|p2a: Giratina|75\/100|[from] Sandstorm
|-heal|p1a: Tyranitar|44\/100|[from] item: Leftovers
|upkeep
|turn|14
|
|t:|1759121551
|switch|p2a: Orthworm|Orthworm, F|88\/100
|move|p1a: Tyranitar|Knock Off|p2a: Orthworm
|-damage|p2a: Orthworm|57\/100
|-enditem|p2a: Orthworm|Leftovers|[from] move: Knock Off|[of] p1a: Tyranitar
|
|-weather|Sandstorm|[upkeep]
|-heal|p1a: Tyranitar|50\/100|[from] item: Leftovers
|upkeep
|turn|15
|j| 25Days
|
|t:|1759121653
|switch|p1a: Tangrowth|Tangrowth, M|86\/100
|-damage|p1a: Tangrowth|74\/100|[from] Stealth Rock
|-damage|p1a: Tangrowth|62\/100|[from] Spikes
|move|p2a: Orthworm|Body Press|p1a: Tangrowth
|-crit|p1a: Tangrowth
|-damage|p1a: Tangrowth|27\/100
|-damage|p2a: Orthworm|41\/100|[from] item: Rocky Helmet|[of] p1a: Tangrowth
|
|-weather|Sandstorm|[upkeep]
|-damage|p1a: Tangrowth|21\/100|[from] Sandstorm
|upkeep
|turn|16
|
|t:|1759121734
|switch|p2a: Tapu Fini|Tapu Fini|100\/100
|-fieldstart|move: Misty Terrain|[from] ability: Misty Surge|[of] p2a: Tapu Fini
|switch|p1a: Marshadow|Marshadow|84\/100
|-damage|p1a: Marshadow|78\/100|[from] Stealth Rock
|-damage|p1a: Marshadow|66\/100|[from] Spikes
|
|-weather|Sandstorm|[upkeep]
|-damage|p2a: Tapu Fini|94\/100|[from] Sandstorm
|-damage|p1a: Marshadow|60\/100|[from] Sandstorm
|upkeep
|turn|17
|
|t:|1759121755
|switch|p1a: Solgaleo|Solgaleo|58\/100
|-damage|p1a: Solgaleo|52\/100|[from] Stealth Rock
|-damage|p1a: Solgaleo|40\/100|[from] Spikes
|move|p2a: Tapu Fini|Moonblast|p1a: Solgaleo
|-resisted|p1a: Solgaleo
|-damage|p1a: Solgaleo|27\/100
|
|-weather|none
|upkeep
|turn|18
|
|t:|1759121816
|switch|p2a: Orthworm|Orthworm, F|41\/100
|move|p1a: Solgaleo|Morning Sun|p1a: Solgaleo
|-heal|p1a: Solgaleo|77\/100
|
|upkeep
|turn|19
|
|t:|1759121862
|move|p1a: Solgaleo|Morning Sun|p1a: Solgaleo
|-heal|p1a: Solgaleo|100\/100
|move|p2a: Orthworm|Body Press|p1a: Solgaleo
|-damage|p1a: Solgaleo|78\/100
|
|upkeep
|turn|20
|j| elementalassasin
|l| elementalassasin
|
|t:|1759121941
|move|p1a: Solgaleo|Sunsteel Strike|p2a: Orthworm
|-resisted|p2a: Orthworm
|-damage|p2a: Orthworm|29\/100
|move|p2a: Orthworm|Spikes|p1a: Solgaleo
|-sidestart|p1: Gym Leder Brawl|Spikes
|
|-fieldend|Misty Terrain
|upkeep
|turn|21
|
|t:|1759122003
|switch|p2a: Tapu Fini|Tapu Fini|94\/100
|-fieldstart|move: Misty Terrain|[from] ability: Misty Surge|[of] p2a: Tapu Fini
|move|p1a: Solgaleo|Sunsteel Strike|p2a: Tapu Fini
|-damage|p2a: Tapu Fini|44\/100
|
|upkeep
|turn|22
|
|t:|1759122038
|switch|p2a: Orthworm|Orthworm, F|29\/100
|move|p1a: Solgaleo|Sunsteel Strike|p2a: Orthworm
|-resisted|p2a: Orthworm
|-damage|p2a: Orthworm|16\/100
|
|upkeep
|turn|23
|
|t:|1759122065
|move|p1a: Solgaleo|Sunsteel Strike|p2a: Orthworm
|-resisted|p2a: Orthworm
|-damage|p2a: Orthworm|3\/100
|move|p2a: Orthworm|Body Press|p1a: Solgaleo
|-damage|p1a: Solgaleo|56\/100
|
|upkeep
|turn|24
|
|t:|1759122080
|move|p1a: Solgaleo|Morning Sun|p1a: Solgaleo
|-heal|p1a: Solgaleo|100\/100
|move|p2a: Orthworm|Body Press|p1a: Solgaleo
|-damage|p1a: Solgaleo|80\/100
|
|upkeep
|turn|25
|
|t:|1759122086
|move|p1a: Solgaleo|Sunsteel Strike|p2a: Orthworm
|-resisted|p2a: Orthworm
|-damage|p2a: Orthworm|0 fnt
|faint|p2a: Orthworm
|
|-fieldend|Misty Terrain
|upkeep
|
|t:|1759122122
|switch|p2a: Giratina|Giratina-Origin|75\/100
|turn|26
|
|t:|1759122133
|move|p2a: Giratina|Will-O-Wisp|p1a: Solgaleo|[miss]
|-miss|p2a: Giratina|p1a: Solgaleo
|move|p1a: Solgaleo|Sunsteel Strike|p2a: Giratina
|-damage|p2a: Giratina|47\/100
|
|upkeep
|turn|27
|j| Ocarina919
|
|t:|1759122237
|move|p2a: Giratina|Will-O-Wisp|p1a: Solgaleo
|-status|p1a: Solgaleo|brn
|move|p1a: Solgaleo|Sunsteel Strike|p2a: Giratina
|-damage|p2a: Giratina|33\/100
|
|-damage|p1a: Solgaleo|74\/100 brn|[from] brn
|upkeep
|turn|28
|
|t:|1759122290
|switch|p1a: Tyranitar|Tyranitar, M|50\/100
|-damage|p1a: Tyranitar|38\/100|[from] Stealth Rock
|-damage|p1a: Tyranitar|21\/100|[from] Spikes
|-weather|Sandstorm|[from] ability: Sand Stream|[of] p1a: Tyranitar
|move|p2a: Giratina|Poltergeist|p1a: Tyranitar
|-activate|p1a: Tyranitar|move: Poltergeist|Leftovers
|-resisted|p1a: Tyranitar
|-damage|p1a: Tyranitar|0 fnt
|faint|p1a: Tyranitar
|
|-weather|Sandstorm|[upkeep]
|-damage|p2a: Giratina|27\/100|[from] Sandstorm
|upkeep
|
|t:|1759122339
|switch|p1a: Excadrill|Excadrill, F|100\/100
|-damage|p1a: Excadrill|97\/100|[from] Stealth Rock
|-damage|p1a: Excadrill|81\/100|[from] Spikes
|-ability|p1a: Excadrill|Mold Breaker
|turn|29
|
|t:|1759122407
|move|p1a: Excadrill|Earthquake|p2a: Giratina
|-damage|p2a: Giratina|0 fnt
|faint|p2a: Giratina
|
|-weather|Sandstorm|[upkeep]
|upkeep
|
|t:|1759122414
|switch|p2a: Tapu Fini|Tapu Fini|44\/100
|-fieldstart|move: Misty Terrain|[from] ability: Misty Surge|[of] p2a: Tapu Fini
|turn|30
|
|t:|1759122486
|move|p1a: Excadrill|Earthquake|p2a: Tapu Fini
|-damage|p2a: Tapu Fini|0 fnt
|faint|p2a: Tapu Fini
|
|-weather|Sandstorm|[upkeep]
|upkeep
|
|t:|1759122488
|switch|p2a: Sneasler|Sneasler, M|100\/100
|-enditem|p2a: Sneasler|Misty Seed
|-boost|p2a: Sneasler|spd|1|[from] item: Misty Seed
|turn|31
|
|t:|1759122514
|move|p2a: Sneasler|Close Combat|p1a: Excadrill
|-supereffective|p1a: Excadrill
|-damage|p1a: Excadrill|0 fnt
|-unboost|p2a: Sneasler|def|1
|-unboost|p2a: Sneasler|spd|1
|faint|p1a: Excadrill
|
|-weather|Sandstorm|[upkeep]
|-damage|p2a: Sneasler|95\/100|[from] Sandstorm
|upkeep
|j| Conundromic
|
|t:|1759122551
|switch|p1a: Landorus|Landorus, M|100\/100
|-damage|p1a: Landorus|88\/100|[from] Stealth Rock
|turn|32
|
|t:|1759122596
|move|p2a: Sneasler|Acrobatics|p1a: Landorus
|-damage|p1a: Landorus|37\/100
|move|p1a: Landorus|Earth Power|p2a: Sneasler
|-supereffective|p2a: Sneasler
|-damage|p2a: Sneasler|0 fnt
|faint|p2a: Sneasler
|
|win|Gym Leder Brawl
|c|☆Contranaut|ggs
|c|☆Gym Leder Brawl|That was for orthworm 😘
|c|☆Gym Leder Brawl|Ggs
|l| Ocarina919
|c|☆Contranaut|lol
|c|☆Contranaut|needed the crit high roll -def nature to win there
|c| serendipidu|SCARF FINI?
|c|☆Gym Leder Brawl|Shoutout to ttar for both plays of the game
|c|☆Gym Leder Brawl|Killing mewtwo
|c|☆Gym Leder Brawl|AND
|c|☆Contranaut|oh ya I can't believe you didn't tera, ugh
|c| ChillerFrost|im so happy i didnt have to witness another tie
|c|☆Gym Leder Brawl|telling me fini was scarfed
|c|☆Contranaut|how was scarf fini so important?
|c|☆Gym Leder Brawl|It was just good info to have
|c|☆Contranaut|ig maybe you think lando outspeeds
|c|☆Gym Leder Brawl|made it so much easier to play around
|c|☆Gym Leder Brawl|as for why I didn’t tera
|c|☆Contranaut|ya I mean the whole thing was I just needed chip on lando for sneasler to sweep from turn 1
|c|☆Gym Leder Brawl|mewtwo never kills with aura sphere
|c|☆Gym Leder Brawl|Does sneasler kill solgaleo from where it was?
|c|☆Contranaut|well ya but you don't want to die to hazards later and lose sand
|c|☆Contranaut|well ig not but after I got the burn it's fine
|c|☆Gym Leder Brawl|Uh uh uh
|c|☆Contranaut|so like I needed the solgaleo burned or chipped, and the lando chipped
|c|☆Gym Leder Brawl|psychic fangs
|c|☆Contranaut|yeah I guess I needed chip not burn
|l| 25Days
|c|☆Gym Leder Brawl|Anywho ggs
|c|☆Contranaut|yeah see you in PO ;)

</script>
</div>
<div class="battle-log battle-log-inline"><div class="inner"><div class="battle-options"></div><div class="inner message-log"><div class="chat"><small>☆Gym Leder Brawl and ☆Contranaut joined</small></div><div class=""><small>Format:</small> <br><strong>[Gen 9] NatDex Draft</strong></div><div class=""><small><em>Tera Type Preview:</em> Tera Types are shown at Team Preview</small></div><div class=""><small><em>Sleep Clause Mod:</em> Limit one foe put to sleep</small></div><div class=""><small><em>OHKO Clause:</em> OHKO moves are banned</small></div><div class=""><small><em>Evasion Clause:</em> Evasion abilities, items, and moves are banned</small></div><div class=""><small><em>Evasion Abilities Clause:</em> Evasion abilities are banned</small></div><div class=""><small><em>Evasion Items Clause:</em> Evasion items are banned</small></div><div class=""><small><em>Evasion Moves Clause:</em> Evasion moves are banned</small></div><div class=""><small><em>Endless Battle Clause:</em> Forcing endless battles is banned</small></div><div class=""><small><em>HP Percentage Mod:</em> HP is shown in percentages</small></div><div class="chat"><div class="infobox"><details class="readmore" open=""><summary><strong>1 custom rule:</strong></summary> Tera Type Preview</details></div></div><div class="chat">Gym Leder Brawl's Tera Types:<br><span class="picon" style="background:transparent url(https://play.pokemonshowdown.com/sprites/pokemonicons-sheet.png?v19) no-repeat scroll -360px -1590px"></span><img src="https://play.pokemonshowdown.com/sprites/types/Ground.png" alt="Ground" height="14" width="32" class="pixelated"> / <span class="picon" style="background:transparent url(https://play.pokemonshowdown.com/sprites/pokemonicons-sheet.png?v19) no-repeat scroll -80px -1320px"></span><img src="https://play.pokemonshowdown.com/sprites/types/Ground.png" alt="Ground" height="14" width="32" class="pixelated"> / <span class="picon" style="background:transparent url(https://play.pokemonshowdown.com/sprites/pokemonicons-sheet.png?v19) no-repeat scroll -400px -1980px"></span><img src="https://play.pokemonshowdown.com/sprites/types/Fighting.png" alt="Fighting" height="14" width="32" class="pixelated"> / <span class="picon" style="background:transparent url(https://play.pokemonshowdown.com/sprites/pokemonicons-sheet.png?v19) no-repeat scroll -440px -1950px"></span><img src="https://play.pokemonshowdown.com/sprites/types/Psychic.png" alt="Psychic" height="14" width="32" class="pixelated"> / <span class="picon" style="background:transparent url(https://play.pokemonshowdown.com/sprites/pokemonicons-sheet.png?v19) no-repeat scroll -360px -1140px"></span><img src="https://play.pokemonshowdown.com/sprites/types/Grass.png" alt="Grass" height="14" width="32" class="pixelated"> / <span class="picon" style="background:transparent url(https://play.pokemonshowdown.com/sprites/pokemonicons-sheet.png?v19) no-repeat scroll -320px -600px"></span><img src="https://play.pokemonshowdown.com/sprites/types/Fairy.png" alt="Fairy" height="14" width="32" class="pixelated"></div><div class="chat">Contranaut's Tera Types:<br><span class="picon" style="background:transparent url(https://play.pokemonshowdown.com/sprites/pokemonicons-sheet.png?v19) no-repeat scroll -240px -360px"></span><img src="https://play.pokemonshowdown.com/sprites/types/Psychic.png" alt="Psychic" height="14" width="32" class="pixelated"> / <span class="picon" style="background:transparent url(https://play.pokemonshowdown.com/sprites/pokemonicons-sheet.png?v19) no-repeat scroll -200px -2700px"></span><img src="https://play.pokemonshowdown.com/sprites/types/Ghost.png" alt="Ghost" height="14" width="32" class="pixelated"> / <span class="picon" style="background:transparent url(https://play.pokemonshowdown.com/sprites/pokemonicons-sheet.png?v19) no-repeat scroll -0px -2460px"></span><img src="https://play.pokemonshowdown.com/sprites/types/Flying.png" alt="Flying" height="14" width="32" class="pixelated"> / <span class="picon" style="background:transparent url(https://play.pokemonshowdown.com/sprites/pokemonicons-sheet.png?v19) no-repeat scroll -120px -2250px"></span><img src="https://play.pokemonshowdown.com/sprites/types/Fighting.png" alt="Fighting" height="14" width="32" class="pixelated"> / <span class="picon" style="background:transparent url(https://play.pokemonshowdown.com/sprites/pokemonicons-sheet.png?v19) no-repeat scroll -320px -1950px"></span><img src="https://play.pokemonshowdown.com/sprites/types/Water.png" alt="Water" height="14" width="32" class="pixelated"> / <span class="picon" style="background:transparent url(https://play.pokemonshowdown.com/sprites/pokemonicons-sheet.png?v19) no-repeat scroll -320px -2400px"></span><img src="https://play.pokemonshowdown.com/sprites/types/Steel.png" alt="Steel" height="14" width="32" class="pixelated"></div><div class="chat battle-history"><strong>Gym Leder Brawl's team:</strong> <em style="color:#445566;display:block;">Landorus / Excadrill / Marshadow / Solgaleo / Tangrowth / Tyranitar</em></div><div class="chat battle-history"><strong>Contranaut's team:</strong> <em style="color:#445566;display:block;">Mewtwo / Giratina-Origin / Great Tusk / Sneasler / Tapu Fini / Orthworm</em></div><div class="chat chatmessage-contranaut"><strong style="color:#237f9e"><small class="groupsymbol">☆</small><span class="username">Contranaut</span>:</strong> <em>glhf</em></div><div class="chat"><small> ChillerFrost,  phantom0rion, and  kaui joined</small></div><div class="chat chatmessage-chillerfrost"><strong style="color:#2aaa9b"><small class="groupsymbol"> </small><span class="username">ChillerFrost</span>:</strong> <em>this shit better not tie too</em></div><div class="chat chatmessage-chillerfrost"><strong style="color:#2aaa9b"><small class="groupsymbol"> </small><span class="username">ChillerFrost</span>:</strong> <em>xd</em></div><div class="chat chatmessage-kaui"><strong style="color:#73950c"><small class="groupsymbol"> </small><span class="username">kaui</span>:</strong> <em>FUCK THE YANKEES</em></div><div class="chat"><small> serendipidu joined</small></div><div class="chat chatmessage-chillerfrost"><strong style="color:#2aaa9b"><small class="groupsymbol"> </small><span class="username">ChillerFrost</span>:</strong> <em>FUCK THE YANKEES</em></div><div class="chat"><small> doctashockfan joined</small></div><div class="chat chatmessage-contranaut"><strong style="color:#237f9e"><small class="groupsymbol">☆</small><span class="username">Contranaut</span>:</strong> <em>FUCK DA SOX</em></div><div class="chat chatmessage-chillerfrost"><strong style="color:#2aaa9b"><small class="groupsymbol"> </small><span class="username">ChillerFrost</span>:</strong> <em>cant believe i watched the second highest scoring tie in nfl history tonight</em></div><div class="chat chatmessage-chillerfrost"><strong style="color:#2aaa9b"><small class="groupsymbol"> </small><span class="username">ChillerFrost</span>:</strong> <em>so glad this game cant end in a tie</em></div><div class="chat chatmessage-contranaut"><strong style="color:#237f9e"><small class="groupsymbol">☆</small><span class="username">Contranaut</span>:</strong> <em>wait wtf</em></div><div class="spacer battle-history"><br></div><div class="battle-history">Battle started between Gym Leder Brawl and Contranaut!<br></div><div class="spacer battle-history"><br></div><div class="battle-history">Go! <strong>Marshadow</strong>!<br></div><div class="spacer battle-history"><br></div><div class="battle-history">Contranaut sent out <strong>Orthworm</strong>!<br></div><div class="spacer battle-history"><br></div><h2 class="battle-history">Turn 1</h2><div class="chat chatmessage-contranaut"><strong style="color:#237f9e"><small class="groupsymbol">☆</small><span class="username">Contranaut</span>:</strong> <em>I should have watched damn</em></div><div class="chat chatmessage-chillerfrost"><strong style="color:#2aaa9b"><small class="groupsymbol"> </small><span class="username">ChillerFrost</span>:</strong> <em>40-40</em></div><div class="spacer battle-history"><br></div><div class="battle-history">Contranaut withdrew Orthworm!<br></div><div class="battle-history">Contranaut sent out <strong>Great Tusk</strong>!<br></div><div class="spacer battle-history"><br></div><div class="battle-history">Marshadow used <strong>Close Combat</strong>!<br></div><div class="battle-history"><small>(The opposing Great Tusk lost 35% of its health!)</small><br></div><div class="battle-history"><small>Marshadow's Defense fell!</small><br></div><div class="battle-history"><small>Marshadow's Sp. Def fell!</small><br></div><div class="battle-history"><small>Marshadow was hurt by the Rocky Helmet!</small><br></div><div class="spacer battle-history"><br></div><h2 class="battle-history">Turn 2</h2><div class="chat"><small> foodss and  Doctashock joined</small></div><div class="chat chatmessage-doctashock"><strong style="color:#15a4c7"><small class="groupsymbol"> </small><span class="username">Doctashock</span>:</strong> <em>fuck the yankees true that</em></div><div class="spacer battle-history"><br></div><div class="battle-history">Marshadow, come back!<br></div><div class="battle-history">Go! <strong>Tangrowth</strong>!<br></div><div class="spacer battle-history"><br></div><div class="battle-history"><small>The opposing Great Tusk has Terastallized into the Flying-type!</small><br></div><div class="spacer battle-history"><br></div><div class="battle-history">The opposing Great Tusk used <strong>Substitute</strong>!<br></div><div class="battle-history"><small>The opposing Great Tusk put in a substitute!</small><br></div><div class="battle-history"><small>(The opposing Great Tusk lost 25% of its health!)</small><br></div><div class="spacer battle-history"><br></div><h2 class="battle-history">Turn 3</h2><div class="spacer battle-history"><br></div><div class="battle-history">The opposing Great Tusk used <strong>Ice Spinner</strong>!<br></div><div class="battle-history"><small>It's super effective!</small><br></div><div class="battle-history"><small>(Tangrowth lost 45% of its health!)</small><br></div><div class="battle-history"><small>The opposing Great Tusk was hurt by the Rocky Helmet!</small><br></div><div class="spacer battle-history"><br></div><div class="battle-history">Tangrowth used <strong>Giga Drain</strong>!<br></div><div class="battle-history"><small>It's not very effective...</small><br></div><div class="battle-history"><small>The substitute took damage for the opposing Great Tusk!</small><br></div><div class="battle-history"><small>The opposing Great Tusk had its energy drained!</small><br></div><div class="spacer battle-history"><br></div><h2 class="battle-history">Turn 4</h2><div class="spacer battle-history"><br></div><div class="battle-history">The opposing Great Tusk used <strong>Ice Spinner</strong>!<br></div><div class="battle-history"><small>It's super effective!</small><br></div><div class="battle-history"><small>(Tangrowth lost 47% of its health!)</small><br></div><div class="battle-history"><small>The opposing Great Tusk was hurt by the Rocky Helmet!</small><br></div><div class="spacer battle-history"><br></div><div class="battle-history">Tangrowth used <strong>Giga Drain</strong>!<br></div><div class="battle-history"><small>It's not very effective...</small><br></div><div class="battle-history"><small>The opposing Great Tusk's substitute faded!</small><br></div><div class="battle-history"><small>The opposing Great Tusk had its energy drained!</small><br></div><div class="spacer battle-history"><br></div><h2 class="battle-history">Turn 5</h2><div class="spacer battle-history"><br></div><div class="battle-history">Contranaut withdrew Great Tusk!<br></div><div class="battle-history">Contranaut sent out <strong>Orthworm</strong>!<br></div><div class="spacer battle-history"><br></div><div class="battle-history">Tangrowth, come back!<br></div><div class="battle-history">Go! <strong>Marshadow</strong>!<br></div><div class="spacer battle-history"><br></div><h2 class="battle-history">Turn 6</h2><div class="spacer battle-history"><br></div><div class="battle-history">Contranaut withdrew Orthworm!<br></div><div class="battle-history">Contranaut sent out <strong>Great Tusk</strong>!<br></div><div class="spacer battle-history"><br></div><div class="battle-history">Marshadow used <strong>Poltergeist</strong>!<br></div><div class="battle-history"><small>The opposing Great Tusk is about to be attacked by its Rocky Helmet!</small><br></div><div class="battle-history"><small>(The opposing Great Tusk lost 7% of its health!)</small><br></div><div class="spacer battle-history"><br></div><div class="battle-history">The opposing Great Tusk fainted!<br></div><div class="spacer battle-history"><br></div><div class="battle-history">Contranaut sent out <strong>Mewtwo</strong>!<br></div><div class="battle-history">[The opposing Mewtwo's Unnerve]<br><small>Your team is too nervous to eat Berries!</small><br></div><div class="spacer battle-history"><br></div><h2 class="battle-history">Turn 7</h2><div class="spacer battle-history"><br></div><div class="battle-history">Marshadow, come back!<br></div><div class="battle-history">Go! <strong>Solgaleo</strong>!<br></div><div class="spacer battle-history"><br></div><div class="battle-history">The opposing Mewtwo used <strong>Aura Sphere</strong>!<br></div><div class="battle-history"><small>(Solgaleo lost 18% of its health!)</small><br></div><div class="spacer battle-history"><br></div><div class="battle-history"><small>Solgaleo restored a little HP using its Leftovers!</small><br></div><div class="spacer battle-history"><br></div><h2 class="battle-history">Turn 8</h2><div class="spacer battle-history"><br></div><div class="battle-history">The opposing Mewtwo used <strong>Knock Off</strong>!<br></div><div class="battle-history"><small>It's super effective!</small><br></div><div class="battle-history"><small>(Solgaleo lost 31% of its health!)</small><br></div><div class="battle-history"><small>The opposing Mewtwo knocked off Solgaleo's Leftovers!</small><br></div><div class="spacer battle-history"><br></div><div class="battle-history">Solgaleo used <strong>Teleport</strong>!<br></div><div class="spacer battle-history"><br></div><div class="battle-history">Go! <strong>Tyranitar</strong>!<br></div><div class="battle-history">[Tyranitar's Sand Stream]<br><small>A sandstorm kicked up!</small><br></div><div class="spacer battle-history"><br></div><div class="battle-history"><small>(The sandstorm is raging.)</small><br></div><div class="battle-history"><small>The opposing Mewtwo is buffeted by the sandstorm!</small><br></div><div class="spacer battle-history"><br></div><h2 class="battle-history">Turn 9</h2><div class="spacer battle-history"><br></div><div class="battle-history">The opposing Mewtwo used <strong>Psystrike</strong>!<br></div><div class="battle-history"><small>It doesn't affect Tyranitar...</small><br></div><div class="spacer battle-history"><br></div><div class="battle-history">Tyranitar used <strong>Knock Off</strong>!<br></div><div class="battle-history"><small>It's super effective!</small><br></div><div class="battle-history"><small>(The opposing Mewtwo lost 94% of its health!)</small><br></div><div class="battle-history"><small>Tyranitar knocked off the opposing Mewtwo's Assault Vest!</small><br></div><div class="spacer battle-history"><br></div><div class="battle-history">The opposing Mewtwo fainted!<br></div><div class="spacer battle-history"><br></div><div class="battle-history"><small>(The sandstorm is raging.)</small><br></div><div class="spacer battle-history"><br></div><div class="battle-history">Contranaut sent out <strong>Orthworm</strong>!<br></div><div class="spacer battle-history"><br></div><h2 class="battle-history">Turn 10</h2><div class="chat"><small> Bunnnies joined</small></div><div class="spacer battle-history"><br></div><div class="battle-history">Tyranitar, come back!<br></div><div class="battle-history">Go! <strong>Tangrowth</strong>!<br></div><div class="spacer battle-history"><br></div><div class="battle-history">The opposing Orthworm used <strong>Stealth Rock</strong>!<br></div><div class="battle-history"><small>Pointed stones float in the air around your team!</small><br></div><div class="spacer battle-history"><br></div><div class="battle-history"><small>(The sandstorm is raging.)</small><br></div><div class="battle-history"><small>Tangrowth is buffeted by the sandstorm!</small><br></div><div class="spacer battle-history"><br></div><h2 class="battle-history">Turn 11</h2><div class="spacer battle-history"><br></div><div class="battle-history">The opposing Orthworm used <strong>Spikes</strong>!<br></div><div class="battle-history"><small>Spikes were scattered on the ground all around your team!</small><br></div><div class="spacer battle-history"><br></div><div class="battle-history">Tangrowth used <strong>Leech Seed</strong>!<br></div><div class="battle-history"><small>The opposing Orthworm was seeded!</small><br></div><div class="spacer battle-history"><br></div><div class="battle-history"><small>(The sandstorm is raging.)</small><br></div><div class="battle-history"><small>Tangrowth is buffeted by the sandstorm!</small><br></div><div class="battle-history"><small>The opposing Orthworm's health is sapped by Leech Seed!</small><br></div><div class="spacer battle-history"><br></div><h2 class="battle-history">Turn 12</h2><div class="spacer battle-history"><br></div><div class="battle-history">Contranaut withdrew Orthworm!<br></div><div class="battle-history">Contranaut sent out Giratina (<strong>Giratina-Origin</strong>)!<br></div><div class="spacer battle-history"><br></div><div class="battle-history">Tangrowth used <strong>Knock Off</strong>!<br></div><div class="battle-history"><small>It's super effective!</small><br></div><div class="battle-history"><small>(The opposing Giratina lost 19% of its health!)</small><br></div><div class="spacer battle-history"><br></div><div class="battle-history"><small>The sandstorm subsided.</small><br></div><div class="spacer battle-history"><br></div><h2 class="battle-history">Turn 13</h2><div class="spacer battle-history"><br></div><div class="battle-history">Tangrowth, come back!<br></div><div class="battle-history">Go! <strong>Tyranitar</strong>!<br></div><div class="battle-history"><small>Pointed stones dug into Tyranitar!</small><br></div><div class="battle-history"><small>Tyranitar was hurt by the spikes!</small><br></div><div class="battle-history">[Tyranitar's Sand Stream]<br><small>A sandstorm kicked up!</small><br></div><div class="spacer battle-history"><br></div><div class="battle-history">The opposing Giratina used <strong>Draco Meteor</strong>!<br></div><div class="battle-history"><small>(Tyranitar lost 38% of its health!)</small><br></div><div class="battle-history"><small>The opposing Giratina's Sp. Atk fell harshly!</small><br></div><div class="spacer battle-history"><br></div><div class="battle-history"><small>(The sandstorm is raging.)</small><br></div><div class="battle-history"><small>The opposing Giratina is buffeted by the sandstorm!</small><br></div><div class="battle-history"><small>Tyranitar restored a little HP using its Leftovers!</small><br></div><div class="spacer battle-history"><br></div><h2 class="battle-history">Turn 14</h2><div class="spacer battle-history"><br></div><div class="battle-history">Contranaut withdrew Giratina!<br></div><div class="battle-history">Contranaut sent out <strong>Orthworm</strong>!<br></div><div class="spacer battle-history"><br></div><div class="battle-history">Tyranitar used <strong>Knock Off</strong>!<br></div><div class="battle-history"><small>(The opposing Orthworm lost 31% of its health!)</small><br></div><div class="battle-history"><small>Tyranitar knocked off the opposing Orthworm's Leftovers!</small><br></div><div class="spacer battle-history"><br></div><div class="battle-history"><small>(The sandstorm is raging.)</small><br></div><div class="battle-history"><small>Tyranitar restored a little HP using its Leftovers!</small><br></div><div class="spacer battle-history"><br></div><h2 class="battle-history">Turn 15</h2><div class="chat"><small> 25Days joined</small></div><div class="spacer battle-history"><br></div><div class="battle-history">Tyranitar, come back!<br></div><div class="battle-history">Go! <strong>Tangrowth</strong>!<br></div><div class="battle-history"><small>Pointed stones dug into Tangrowth!</small><br></div><div class="battle-history"><small>Tangrowth was hurt by the spikes!</small><br></div><div class="spacer battle-history"><br></div><div class="battle-history">The opposing Orthworm used <strong>Body Press</strong>!<br></div><div class="battle-history"><small>A critical hit!</small><br></div><div class="battle-history"><small>(Tangrowth lost 35% of its health!)</small><br></div><div class="battle-history"><small>The opposing Orthworm was hurt by the Rocky Helmet!</small><br></div><div class="spacer battle-history"><br></div><div class="battle-history"><small>(The sandstorm is raging.)</small><br></div><div class="battle-history"><small>Tangrowth is buffeted by the sandstorm!</small><br></div><div class="spacer battle-history"><br></div><h2 class="battle-history">Turn 16</h2><div class="spacer battle-history"><br></div><div class="battle-history">Contranaut withdrew Orthworm!<br></div><div class="battle-history">Contranaut sent out <strong>Tapu Fini</strong>!<br></div><div class="battle-history">[The opposing Tapu Fini's Misty Surge]<br><small>Mist swirled around the battlefield!</small><br></div><div class="spacer battle-history"><br></div><div class="battle-history">Tangrowth, come back!<br></div><div class="battle-history">Go! <strong>Marshadow</strong>!<br></div><div class="battle-history"><small>Pointed stones dug into Marshadow!</small><br></div><div class="battle-history"><small>Marshadow was hurt by the spikes!</small><br></div><div class="spacer battle-history"><br></div><div class="battle-history"><small>(The sandstorm is raging.)</small><br></div><div class="battle-history"><small>The opposing Tapu Fini is buffeted by the sandstorm!</small><br></div><div class="battle-history"><small>Marshadow is buffeted by the sandstorm!</small><br></div><div class="spacer battle-history"><br></div><h2 class="battle-history">Turn 17</h2><div class="spacer battle-history"><br></div><div class="battle-history">Marshadow, come back!<br></div><div class="battle-history">Go! <strong>Solgaleo</strong>!<br></div><div class="battle-history"><small>Pointed stones dug into Solgaleo!</small><br></div><div class="battle-history"><small>Solgaleo was hurt by the spikes!</small><br></div><div class="spacer battle-history"><br></div><div class="battle-history">The opposing Tapu Fini used <strong>Moonblast</strong>!<br></div><div class="battle-history"><small>It's not very effective...</small><br></div><div class="battle-history"><small>(Solgaleo lost 13% of its health!)</small><br></div><div class="spacer battle-history"><br></div><div class="battle-history"><small>The sandstorm subsided.</small><br></div><div class="spacer battle-history"><br></div><h2 class="battle-history">Turn 18</h2><div class="spacer battle-history"><br></div><div class="battle-history">Contranaut withdrew Tapu Fini!<br></div><div class="battle-history">Contranaut sent out <strong>Orthworm</strong>!<br></div><div class="spacer battle-history"><br></div><div class="battle-history">Solgaleo used <strong>Morning Sun</strong>!<br></div><div class="battle-history"><small>Solgaleo had its HP restored.</small><br></div><div class="spacer battle-history"><br></div><h2 class="battle-history">Turn 19</h2><div class="spacer battle-history"><br></div><div class="battle-history">Solgaleo used <strong>Morning Sun</strong>!<br></div><div class="battle-history"><small>Solgaleo had its HP restored.</small><br></div><div class="spacer battle-history"><br></div><div class="battle-history">The opposing Orthworm used <strong>Body Press</strong>!<br></div><div class="battle-history"><small>(Solgaleo lost 22% of its health!)</small><br></div><div class="spacer battle-history"><br></div><h2 class="battle-history">Turn 20</h2><div class="chat"><small> elementalassasin joined;  elementalassasin left</small></div><div class="spacer battle-history"><br></div><div class="battle-history">Solgaleo used <strong>Sunsteel Strike</strong>!<br></div><div class="battle-history"><small>It's not very effective...</small><br></div><div class="battle-history"><small>(The opposing Orthworm lost 12% of its health!)</small><br></div><div class="spacer battle-history"><br></div><div class="battle-history">The opposing Orthworm used <strong>Spikes</strong>!<br></div><div class="battle-history"><small>Spikes were scattered on the ground all around your team!</small><br></div><div class="spacer battle-history"><br></div><div class="battle-history"><small>The mist disappeared from the battlefield.</small><br></div><div class="spacer battle-history"><br></div><h2 class="battle-history">Turn 21</h2><div class="spacer battle-history"><br></div><div class="battle-history">Contranaut withdrew Orthworm!<br></div><div class="battle-history">Contranaut sent out <strong>Tapu Fini</strong>!<br></div><div class="battle-history">[The opposing Tapu Fini's Misty Surge]<br><small>Mist swirled around the battlefield!</small><br></div><div class="spacer battle-history"><br></div><div class="battle-history">Solgaleo used <strong>Sunsteel Strike</strong>!<br></div><div class="battle-history"><small>(The opposing Tapu Fini lost 50% of its health!)</small><br></div><div class="spacer battle-history"><br></div><h2 class="battle-history">Turn 22</h2><div class="spacer battle-history"><br></div><div class="battle-history">Contranaut withdrew Tapu Fini!<br></div><div class="battle-history">Contranaut sent out <strong>Orthworm</strong>!<br></div><div class="spacer battle-history"><br></div><div class="battle-history">Solgaleo used <strong>Sunsteel Strike</strong>!<br></div><div class="battle-history"><small>It's not very effective...</small><br></div><div class="battle-history"><small>(The opposing Orthworm lost 13% of its health!)</small><br></div><div class="spacer battle-history"><br></div><h2 class="battle-history">Turn 23</h2><div class="spacer battle-history"><br></div><div class="battle-history">Solgaleo used <strong>Sunsteel Strike</strong>!<br></div><div class="battle-history"><small>It's not very effective...</small><br></div><div class="battle-history"><small>(The opposing Orthworm lost 13% of its health!)</small><br></div><div class="spacer battle-history"><br></div><div class="battle-history">The opposing Orthworm used <strong>Body Press</strong>!<br></div><div class="battle-history"><small>(Solgaleo lost 22% of its health!)</small><br></div><div class="spacer battle-history"><br></div><h2 class="battle-history">Turn 24</h2><div class="spacer battle-history"><br></div><div class="battle-history">Solgaleo used <strong>Morning Sun</strong>!<br></div><div class="battle-history"><small>Solgaleo had its HP restored.</small><br></div><div class="spacer battle-history"><br></div><div class="battle-history">The opposing Orthworm used <strong>Body Press</strong>!<br></div><div class="battle-history"><small>(Solgaleo lost 20% of its health!)</small><br></div><div class="spacer battle-history"><br></div><h2 class="battle-history">Turn 25</h2><div class="spacer battle-history"><br></div><div class="battle-history">Solgaleo used <strong>Sunsteel Strike</strong>!<br></div><div class="battle-history"><small>It's not very effective...</small><br></div><div class="battle-history"><small>(The opposing Orthworm lost 3% of its health!)</small><br></div><div class="spacer battle-history"><br></div><div class="battle-history">The opposing Orthworm fainted!<br></div><div class="spacer battle-history"><br></div><div class="battle-history"><small>The mist disappeared from the battlefield.</small><br></div><div class="spacer battle-history"><br></div><div class="battle-history">Contranaut sent out Giratina (<strong>Giratina-Origin</strong>)!<br></div><div class="spacer battle-history"><br></div><h2 class="battle-history">Turn 26</h2><div class="spacer battle-history"><br></div><div class="battle-history">The opposing Giratina used <strong>Will-O-Wisp</strong>!<br></div><div class="battle-history"><small>Solgaleo avoided the attack!</small><br></div><div class="spacer battle-history"><br></div><div class="battle-history">Solgaleo used <strong>Sunsteel Strike</strong>!<br></div><div class="battle-history"><small>(The opposing Giratina lost 28% of its health!)</small><br></div><div class="spacer battle-history"><br></div><h2 class="battle-history">Turn 27</h2><div class="chat"><small> Ocarina919 joined</small></div><div class="spacer battle-history"><br></div><div class="battle-history">The opposing Giratina used <strong>Will-O-Wisp</strong>!<br></div><div class="battle-history"><small>Solgaleo was burned!</small><br></div><div class="spacer battle-history"><br></div><div class="battle-history">Solgaleo used <strong>Sunsteel Strike</strong>!<br></div><div class="battle-history"><small>(The opposing Giratina lost 14% of its health!)</small><br></div><div class="spacer battle-history"><br></div><div class="battle-history"><small>Solgaleo was hurt by its burn!</small><br></div><div class="spacer battle-history"><br></div><h2 class="battle-history">Turn 28</h2><div class="spacer battle-history"><br></div><div class="battle-history">Solgaleo, come back!<br></div><div class="battle-history">Go! <strong>Tyranitar</strong>!<br></div><div class="battle-history"><small>Pointed stones dug into Tyranitar!</small><br></div><div class="battle-history"><small>Tyranitar was hurt by the spikes!</small><br></div><div class="battle-history">[Tyranitar's Sand Stream]<br><small>A sandstorm kicked up!</small><br></div><div class="spacer battle-history"><br></div><div class="battle-history">The opposing Giratina used <strong>Poltergeist</strong>!<br></div><div class="battle-history"><small>Tyranitar is about to be attacked by its Leftovers!</small><br></div><div class="battle-history"><small>It's not very effective...</small><br></div><div class="battle-history"><small>(Tyranitar lost 21% of its health!)</small><br></div><div class="spacer battle-history"><br></div><div class="battle-history">Tyranitar fainted!<br></div><div class="spacer battle-history"><br></div><div class="battle-history"><small>(The sandstorm is raging.)</small><br></div><div class="battle-history"><small>The opposing Giratina is buffeted by the sandstorm!</small><br></div><div class="spacer battle-history"><br></div><div class="battle-history">Go! <strong>Excadrill</strong>!<br></div><div class="battle-history"><small>Pointed stones dug into Excadrill!</small><br></div><div class="battle-history"><small>Excadrill was hurt by the spikes!</small><br></div><div class="battle-history">[Excadrill's Mold Breaker]<br><small>Excadrill breaks the mold!</small><br></div><div class="spacer battle-history"><br></div><h2 class="battle-history">Turn 29</h2><div class="spacer battle-history"><br></div><div class="battle-history">Excadrill used <strong>Earthquake</strong>!<br></div><div class="battle-history"><small>(The opposing Giratina lost 27% of its health!)</small><br></div><div class="spacer battle-history"><br></div><div class="battle-history">The opposing Giratina fainted!<br></div><div class="spacer battle-history"><br></div><div class="battle-history"><small>(The sandstorm is raging.)</small><br></div><div class="spacer battle-history"><br></div><div class="battle-history">Contranaut sent out <strong>Tapu Fini</strong>!<br></div><div class="battle-history">[The opposing Tapu Fini's Misty Surge]<br><small>Mist swirled around the battlefield!</small><br></div><div class="spacer battle-history"><br></div><h2 class="battle-history">Turn 30</h2><div class="spacer battle-history"><br></div><div class="battle-history">Excadrill used <strong>Earthquake</strong>!<br></div><div class="battle-history"><small>(The opposing Tapu Fini lost 44% of its health!)</small><br></div><div class="spacer battle-history"><br></div><div class="battle-history">The opposing Tapu Fini fainted!<br></div><div class="spacer battle-history"><br></div><div class="battle-history"><small>(The sandstorm is raging.)</small><br></div><div class="spacer battle-history"><br></div><div class="battle-history">Contranaut sent out <strong>Sneasler</strong>!<br></div><div class="battle-history"><small>(The opposing Sneasler used its Misty Seed!)</small><br></div><div class="battle-history"><small>The Misty Seed raised the opposing Sneasler's Sp. Def!</small><br></div><div class="spacer battle-history"><br></div><h2 class="battle-history">Turn 31</h2><div class="spacer battle-history"><br></div><div class="battle-history">The opposing Sneasler used <strong>Close Combat</strong>!<br></div><div class="battle-history"><small>It's super effective!</small><br></div><div class="battle-history"><small>(Excadrill lost 81% of its health!)</small><br></div><div class="battle-history"><small>The opposing Sneasler's Defense fell!</small><br></div><div class="battle-history"><small>The opposing Sneasler's Sp. Def fell!</small><br></div><div class="spacer battle-history"><br></div><div class="battle-history">Excadrill fainted!<br></div><div class="spacer battle-history"><br></div><div class="battle-history"><small>(The sandstorm is raging.)</small><br></div><div class="battle-history"><small>The opposing Sneasler is buffeted by the sandstorm!</small><br></div><div class="chat"><small> Conundromic joined</small></div><div class="spacer battle-history"><br></div><div class="battle-history">Go! <strong>Landorus</strong>!<br></div><div class="battle-history"><small>Pointed stones dug into Landorus!</small><br></div><div class="spacer battle-history"><br></div><h2 class="battle-history">Turn 32</h2><div class="spacer battle-history"><br></div><div class="battle-history">The opposing Sneasler used <strong>Acrobatics</strong>!<br></div><div class="battle-history"><small>(Landorus lost 51% of its health!)</small><br></div><div class="spacer battle-history"><br></div><div class="battle-history">Landorus used <strong>Earth Power</strong>!<br></div><div class="battle-history"><small>It's super effective!</small><br></div><div class="battle-history"><small>(The opposing Sneasler lost 95% of its health!)</small><br></div><div class="spacer battle-history"><br></div><div class="battle-history">The opposing Sneasler fainted!<br></div><div class="spacer battle-history"><br></div><div class="battle-history"><strong>Gym Leder Brawl</strong> won the battle!<br></div><div class="chat chatmessage-contranaut"><strong style="color:#237f9e"><small class="groupsymbol">☆</small><span class="username">Contranaut</span>:</strong> <em>ggs</em></div><div class="chat chatmessage-gymlederbrawl"><strong style="color:#33a661"><small class="groupsymbol">☆</small><span class="username">Gym Leder Brawl</span>:</strong> <em>That was for orthworm 😘</em></div><div class="chat chatmessage-gymlederbrawl"><strong style="color:#33a661"><small class="groupsymbol">☆</small><span class="username">Gym Leder Brawl</span>:</strong> <em>Ggs</em></div><div class="chat"><small> Ocarina919 left</small></div><div class="chat chatmessage-contranaut"><strong style="color:#237f9e"><small class="groupsymbol">☆</small><span class="username">Contranaut</span>:</strong> <em>lol</em></div><div class="chat chatmessage-contranaut"><strong style="color:#237f9e"><small class="groupsymbol">☆</small><span class="username">Contranaut</span>:</strong> <em>needed the crit high roll -def nature to win there</em></div><div class="chat chatmessage-serendipidu"><strong style="color:#7c53d9"><small class="groupsymbol"> </small><span class="username">serendipidu</span>:</strong> <em>SCARF FINI?</em></div><div class="chat chatmessage-gymlederbrawl"><strong style="color:#33a661"><small class="groupsymbol">☆</small><span class="username">Gym Leder Brawl</span>:</strong> <em>Shoutout to ttar for both plays of the game</em></div><div class="chat chatmessage-gymlederbrawl"><strong style="color:#33a661"><small class="groupsymbol">☆</small><span class="username">Gym Leder Brawl</span>:</strong> <em>Killing mewtwo</em></div><div class="chat chatmessage-gymlederbrawl"><strong style="color:#33a661"><small class="groupsymbol">☆</small><span class="username">Gym Leder Brawl</span>:</strong> <em>AND</em></div><div class="chat chatmessage-contranaut"><strong style="color:#237f9e"><small class="groupsymbol">☆</small><span class="username">Contranaut</span>:</strong> <em>oh ya I can't believe you didn't tera, ugh</em></div><div class="chat chatmessage-chillerfrost"><strong style="color:#2aaa9b"><small class="groupsymbol"> </small><span class="username">ChillerFrost</span>:</strong> <em>im so happy i didnt have to witness another tie</em></div><div class="chat chatmessage-gymlederbrawl"><strong style="color:#33a661"><small class="groupsymbol">☆</small><span class="username">Gym Leder Brawl</span>:</strong> <em>telling me fini was scarfed</em></div><div class="chat chatmessage-contranaut"><strong style="color:#237f9e"><small class="groupsymbol">☆</small><span class="username">Contranaut</span>:</strong> <em>how was scarf fini so important?</em></div><div class="chat chatmessage-gymlederbrawl"><strong style="color:#33a661"><small class="groupsymbol">☆</small><span class="username">Gym Leder Brawl</span>:</strong> <em>It was just good info to have</em></div><div class="chat chatmessage-contranaut"><strong style="color:#237f9e"><small class="groupsymbol">☆</small><span class="username">Contranaut</span>:</strong> <em>ig maybe you think lando outspeeds</em></div><div class="chat chatmessage-gymlederbrawl"><strong style="color:#33a661"><small class="groupsymbol">☆</small><span class="username">Gym Leder Brawl</span>:</strong> <em>made it so much easier to play around</em></div><div class="chat chatmessage-gymlederbrawl"><strong style="color:#33a661"><small class="groupsymbol">☆</small><span class="username">Gym Leder Brawl</span>:</strong> <em>as for why I didn’t tera</em></div><div class="chat chatmessage-contranaut"><strong style="color:#237f9e"><small class="groupsymbol">☆</small><span class="username">Contranaut</span>:</strong> <em>ya I mean the whole thing was I just needed chip on lando for sneasler to sweep from turn 1</em></div><div class="chat chatmessage-gymlederbrawl"><strong style="color:#33a661"><small class="groupsymbol">☆</small><span class="username">Gym Leder Brawl</span>:</strong> <em>mewtwo never kills with aura sphere</em></div><div class="chat chatmessage-gymlederbrawl"><strong style="color:#33a661"><small class="groupsymbol">☆</small><span class="username">Gym Leder Brawl</span>:</strong> <em>Does sneasler kill solgaleo from where it was?</em></div><div class="chat chatmessage-contranaut"><strong style="color:#237f9e"><small class="groupsymbol">☆</small><span class="username">Contranaut</span>:</strong> <em>well ya but you don't want to die to hazards later and lose sand</em></div><div class="chat chatmessage-contranaut"><strong style="color:#237f9e"><small class="groupsymbol">☆</small><span class="username">Contranaut</span>:</strong> <em>well ig not but after I got the burn it's fine</em></div><div class="chat chatmessage-gymlederbrawl"><strong style="color:#33a661"><small class="groupsymbol">☆</small><span class="username">Gym Leder Brawl</span>:</strong> <em>Uh uh uh</em></div><div class="chat chatmessage-contranaut"><strong style="color:#237f9e"><small class="groupsymbol">☆</small><span class="username">Contranaut</span>:</strong> <em>so like I needed the solgaleo burned or chipped, and the lando chipped</em></div><div class="chat chatmessage-gymlederbrawl"><strong style="color:#33a661"><small class="groupsymbol">☆</small><span class="username">Gym Leder Brawl</span>:</strong> <em>psychic fangs</em></div><div class="chat chatmessage-contranaut"><strong style="color:#237f9e"><small class="groupsymbol">☆</small><span class="username">Contranaut</span>:</strong> <em>yeah I guess I needed chip not burn</em></div><div class="chat"><small> 25Days left</small></div><div class="chat chatmessage-gymlederbrawl"><strong style="color:#33a661"><small class="groupsymbol">☆</small><span class="username">Gym Leder Brawl</span>:</strong> <em>Anywho ggs</em></div><div class="chat chatmessage-contranaut"><strong style="color:#237f9e"><small class="groupsymbol">☆</small><span class="username">Contranaut</span>:</strong> <em>yeah see you in PO ;)</em></div></div><div class="inner-preempt message-log"></div></div></div>
</div>
<script>
let daily = Math.floor(Date.now()/1000/60/60/24);document.write('<script src="https://play.pokemonshowdown.com/js/replay-embed.js?version'+daily+'"></'+'script>');
</script>
