<!DOCTYPE html>
<meta charset="utf-8" />
<!-- version 1 -->
<title>[Gen 9] NatDex Draft replay: blader1176 vs. Conundromic</title>
<style>
html,body {font-family:Verdana, sans-serif;font-size:10pt;margin:0;padding:0;}body{padding:12px 0;} .battle-log {font-family:Verdana, sans-serif;font-size:10pt;} .battle-log-inline {border:1px solid #AAAAAA;background:#EEF2F5;color:black;max-width:640px;margin:0 auto 80px;padding-bottom:5px;} .battle-log .inner {padding:4px 8px 0px 8px;} .battle-log .inner-preempt {padding:0 8px 4px 8px;} .battle-log .inner-after {margin-top:0.5em;} .battle-log h2 {margin:0.5em -8px;padding:4px 8px;border:1px solid #AAAAAA;background:#E0E7EA;border-left:0;border-right:0;font-family:Verdana, sans-serif;font-size:13pt;} .battle-log .chat {vertical-align:middle;padding:3px 0 3px 0;font-size:8pt;} .battle-log .chat strong {color:#40576A;} .battle-log .chat em {padding:1px 4px 1px 3px;color:#000000;font-style:normal;} .chat.mine {background:rgba(0,0,0,0.05);margin-left:-8px;margin-right:-8px;padding-left:8px;padding-right:8px;} .spoiler {color:#BBBBBB;background:#BBBBBB;padding:0px 3px;} .spoiler:hover, .spoiler:active, .spoiler-shown {color:#000000;background:#E2E2E2;padding:0px 3px;} .spoiler a {color:#BBBBBB;} .spoiler:hover a, .spoiler:active a, .spoiler-shown a {color:#2288CC;} .chat code, .chat .spoiler:hover code, .chat .spoiler:active code, .chat .spoiler-shown code {border:1px solid #C0C0C0;background:#EEEEEE;color:black;padding:0 2px;} .chat .spoiler code {border:1px solid #CCCCCC;background:#CCCCCC;color:#CCCCCC;} .battle-log .rated {padding:3px 4px;} .battle-log .rated strong {color:white;background:#89A;padding:1px 4px;border-radius:4px;} .spacer {margin-top:0.5em;} .message-announce {background:#6688AA;color:white;padding:1px 4px 2px;} .message-announce a, .broadcast-green a, .broadcast-blue a, .broadcast-red a {color:#DDEEFF;} .broadcast-green {background-color:#559955;color:white;padding:2px 4px;} .broadcast-blue {background-color:#6688AA;color:white;padding:2px 4px;} .infobox {border:1px solid #6688AA;padding:2px 4px;} .infobox-limited {max-height:200px;overflow:auto;overflow-x:hidden;} .broadcast-red {background-color:#AA5544;color:white;padding:2px 4px;} .message-learn-canlearn {font-weight:bold;color:#228822;text-decoration:underline;} .message-learn-cannotlearn {font-weight:bold;color:#CC2222;text-decoration:underline;} .message-effect-weak {font-weight:bold;color:#CC2222;} .message-effect-resist {font-weight:bold;color:#6688AA;} .message-effect-immune {font-weight:bold;color:#666666;} .message-learn-list {margin-top:0;margin-bottom:0;} .message-throttle-notice, .message-error {color:#992222;} .message-overflow, .chat small.message-overflow {font-size:0pt;} .message-overflow::before {font-size:9pt;content:'...';} .subtle {color:#3A4A66;}
</style>
<div class="wrapper replay-wrapper" style="max-width:1180px;margin:0 auto">
<input type="hidden" name="replayid" value="gen9natdexdraft-2450822812" />
<div class="battle"></div><div class="battle-log"></div><div class="replay-controls"></div><div class="replay-controls-2"></div>
<h1 style="font-weight:normal;text-align:center"><strong>[Gen 9] NatDex Draft</strong><br /><a href="http://pokemonshowdown.com/users/blader1176" class="subtle" target="_blank">blader1176</a> vs. <a href="http://pokemonshowdown.com/users/conundromic" class="subtle" target="_blank">Conundromic</a></h1>
<script type="text/plain" class="battle-log-data">
|j|☆blader1176
|j|☆Conundromic
|t:|1759032066
|gametype|singles
|player|p1|blader1176|pilot|
|player|p2|Conundromic|169|
|gen|9
|tier|[Gen 9] NatDex Draft
|rule|Tera Type Preview: Tera Types are shown at Team Preview
|rule|Sleep Clause Mod: Limit one foe put to sleep
|rule|OHKO Clause: OHKO moves are banned
|rule|Evasion Clause: Evasion abilities, items, and moves are banned
|rule|Evasion Abilities Clause: Evasion abilities are banned
|rule|Evasion Items Clause: Evasion items are banned
|rule|Evasion Moves Clause: Evasion moves are banned
|rule|Endless Battle Clause: Forcing endless battles is banned
|rule|HP Percentage Mod: HP is shown in percentages
|raw|<div class="infobox"><details class="readmore" open><summary><strong>1 custom rule:<\/strong><\/summary> Tera Type Preview<\/details><\/div>
|clearpoke
|poke|p1|Rayquaza|
|poke|p1|Gardevoir, M|
|poke|p1|Giratina|
|poke|p1|Weavile, F|
|poke|p1|Kartana|
|poke|p1|Toedscruel, F|
|poke|p2|Lucario, F|
|poke|p2|Lugia|
|poke|p2|Pecharunt|
|poke|p2|Gouging Fire|
|poke|p2|Garganacl, M|
|poke|p2|Greninja-*, M|
|raw|blader1176's Tera Types:<br \/><psicon pokemon="rayquaza" \/><psicon type="Flying" \/> \/ <psicon pokemon="gardevoir" \/><psicon type="Psychic" \/> \/ <psicon pokemon="giratina" \/><psicon type="Fairy" \/> \/ <psicon pokemon="weavile" \/><psicon type="Ice" \/> \/ <psicon pokemon="kartana" \/><psicon type="Grass" \/> \/ <psicon pokemon="toedscruel" \/><psicon type="Water" \/>
|raw|Conundromic's Tera Types:<br \/><psicon pokemon="lucario" \/><psicon type="Fighting" \/> \/ <psicon pokemon="lugia" \/><psicon type="Fairy" \/> \/ <psicon pokemon="pecharunt" \/><psicon type="Dark" \/> \/ <psicon pokemon="gougingfire" \/><psicon type="Fairy" \/> \/ <psicon pokemon="garganacl" \/><psicon type="Water" \/> \/ <psicon pokemon="greninjabond" \/><psicon type="Water" \/>
|teampreview
|c|☆Conundromic|brb bathroom
|j| ChillerFrost
|j| serendipidu
|j| phantom0rion
|c|☆blader1176|musta been a shit
|
|t:|1759032369
|teamsize|p1|6
|teamsize|p2|6
|start
|switch|p1a: Giratina|Giratina, shiny|100\/100
|switch|p2a: Pecharunt|Pecharunt|100\/100
|-ability|p1a: Giratina|Pressure
|turn|1
|c|☆blader1176|hahaha glhf
|c|☆blader1176|!servertime
|c| blader1176|\/raw <div class="infobox">Server time: <b>9\/28\/2025, 4:06:18 AM<\/b><\/div>
|
|t:|1759032389
|move|p2a: Pecharunt|Malignant Chain|p1a: Giratina
|-resisted|p1a: Giratina
|-damage|p1a: Giratina|89\/100
|move|p1a: Giratina|Will-O-Wisp|p2a: Pecharunt
|-status|p2a: Pecharunt|brn
|
|-damage|p2a: Pecharunt|94\/100 brn|[from] brn
|upkeep
|turn|2
|
|t:|1759032415
|move|p2a: Pecharunt|Shadow Ball|p1a: Giratina
|-supereffective|p1a: Giratina
|-damage|p1a: Giratina|56\/100
|move|p1a: Giratina|Hex|p2a: Pecharunt
|-supereffective|p2a: Pecharunt
|-crit|p2a: Pecharunt
|-damage|p2a: Pecharunt|0 fnt
|faint|p2a: Pecharunt
|
|upkeep
|
|t:|1759032437
|switch|p2a: Gouging Fire|Gouging Fire|100\/100
|-enditem|p2a: Gouging Fire|Booster Energy
|-activate|p2a: Gouging Fire|ability: Protosynthesis|[fromitem]
|-start|p2a: Gouging Fire|protosynthesisspe
|turn|3
|
|t:|1759032468
|move|p2a: Gouging Fire|Dragon Dance|p2a: Gouging Fire
|-boost|p2a: Gouging Fire|atk|1
|-boost|p2a: Gouging Fire|spe|1
|move|p1a: Giratina|Draco Meteor|p2a: Gouging Fire
|-supereffective|p2a: Gouging Fire
|-damage|p2a: Gouging Fire|0 fnt
|-unboost|p1a: Giratina|spa|2
|faint|p2a: Gouging Fire
|-end|p2a: Gouging Fire|Protosynthesis|[silent]
|
|upkeep
|j| imred65
|
|t:|1759032478
|switch|p2a: Garganacl|Garganacl, M|100\/100
|turn|4
|
|t:|1759032497
|switch|p1a: Toedscruel|Toedscruel, F|100\/100
|move|p2a: Garganacl|Salt Cure|p1a: Toedscruel
|-resisted|p1a: Toedscruel
|-damage|p1a: Toedscruel|90\/100
|-start|p1a: Toedscruel|Salt Cure
|
|-damage|p1a: Toedscruel|78\/100|[from] Salt Cure
|upkeep
|turn|5
|
|t:|1759032515
|move|p2a: Garganacl|Iron Defense|p2a: Garganacl
|-boost|p2a: Garganacl|def|2
|move|p1a: Toedscruel|Toxic|p2a: Garganacl
|-status|p2a: Garganacl|tox
|
|-damage|p2a: Garganacl|94\/100 tox|[from] psn
|-damage|p1a: Toedscruel|65\/100|[from] Salt Cure
|upkeep
|turn|6
|
|t:|1759032541
|move|p1a: Toedscruel|Giga Drain|p2a: Garganacl
|-supereffective|p2a: Garganacl
|-damage|p2a: Garganacl|55\/100 tox
|-heal|p1a: Toedscruel|92\/100|[from] drain|[of] p2a: Garganacl
|move|p2a: Garganacl|Salt Cure|p1a: Toedscruel
|-resisted|p1a: Toedscruel
|-damage|p1a: Toedscruel|81\/100
|
|-heal|p2a: Garganacl|61\/100 tox|[from] item: Leftovers
|-damage|p2a: Garganacl|49\/100 tox|[from] psn
|-damage|p1a: Toedscruel|68\/100|[from] Salt Cure
|upkeep
|turn|7
|
|t:|1759032578
|switch|p2a: Lugia|Lugia|100\/100
|move|p1a: Toedscruel|Earth Power|p2a: Lugia
|-immune|p2a: Lugia
|
|-damage|p1a: Toedscruel|56\/100|[from] Salt Cure
|upkeep
|turn|8
|
|t:|1759032668
|switch|p2a: Lucario|Lucario, F|100\/100
|move|p1a: Toedscruel|Toxic|p2a: Lucario
|-immune|p2a: Lucario
|
|-damage|p1a: Toedscruel|44\/100|[from] Salt Cure
|upkeep
|turn|9
|
|t:|1759032678
|detailschange|p2a: Lucario|Lucario-Mega, F
|-mega|p2a: Lucario|Lucario|Lucarionite
|move|p2a: Lucario|Meteor Mash|p1a: Toedscruel|[miss]
|-miss|p2a: Lucario|p1a: Toedscruel
|move|p1a: Toedscruel|Earth Power|p2a: Lucario
|-supereffective|p2a: Lucario
|-damage|p2a: Lucario|0 fnt
|faint|p2a: Lucario
|detailschange|p2: Lucario|Lucario, F|[silent]
|
|-damage|p1a: Toedscruel|31\/100|[from] Salt Cure
|upkeep
|
|t:|1759032703
|switch|p2a: Lugia|Lugia|100\/100
|turn|10
|
|t:|1759032733
|move|p2a: Lugia|Reflect|p2a: Lugia
|-sidestart|p2: Conundromic|Reflect
|move|p1a: Toedscruel|Toxic|p2a: Lugia
|-status|p2a: Lugia|tox
|
|-damage|p2a: Lugia|94\/100 tox|[from] psn
|-damage|p1a: Toedscruel|19\/100|[from] Salt Cure
|upkeep
|turn|11
|
|t:|1759032760
|switch|p1a: Giratina|Giratina, shiny|56\/100
|-ability|p1a: Giratina|Pressure
|move|p2a: Lugia|Toxic|p1a: Giratina
|-status|p1a: Giratina|tox
|
|-damage|p2a: Lugia|82\/100 tox|[from] psn
|-damage|p1a: Giratina|50\/100 tox|[from] psn
|upkeep
|turn|12
|
|t:|1759032773
|move|p2a: Lugia|Light Screen|p2a: Lugia
|-sidestart|p2: Conundromic|move: Light Screen
|move|p1a: Giratina|Hex|p2a: Lugia
|-supereffective|p2a: Lugia
|-damage|p2a: Lugia|41\/100 tox
|
|-damage|p2a: Lugia|23\/100 tox|[from] psn
|-damage|p1a: Giratina|38\/100 tox|[from] psn
|upkeep
|turn|13
|
|t:|1759032792
|move|p2a: Lugia|Toxic|p1a: Giratina
|-fail|p1a: Giratina|tox
|move|p1a: Giratina|Hex|p2a: Lugia
|-supereffective|p2a: Lugia
|-damage|p2a: Lugia|0 fnt
|faint|p2a: Lugia
|
|-damage|p1a: Giratina|20\/100 tox|[from] psn
|upkeep
|
|t:|1759032799
|switch|p2a: Greninja|Greninja, M|100\/100
|turn|14
|
|t:|1759032839
|move|p1a: Giratina|Shadow Sneak|p2a: Greninja
|-resisted|p2a: Greninja
|-damage|p2a: Greninja|94\/100
|move|p2a: Greninja|Dark Pulse|p1a: Giratina
|-supereffective|p1a: Giratina
|-damage|p1a: Giratina|0 fnt
|faint|p1a: Giratina
|-ability|p2a: Greninja|Battle Bond|boost
|-boost|p2a: Greninja|atk|1
|-boost|p2a: Greninja|spa|1
|-boost|p2a: Greninja|spe|1
|-activate|p2a: Greninja|ability: Battle Bond
|
|upkeep
|
|t:|1759032932
|switch|p1a: Weavile|Weavile, F|100\/100
|-ability|p1a: Weavile|Pressure
|turn|15
|
|t:|1759032939
|move|p2a: Greninja|Surf|p1a: Weavile
|-damage|p1a: Weavile|19\/100
|move|p1a: Weavile|Knock Off|p2a: Greninja
|-resisted|p2a: Greninja
|-damage|p2a: Greninja|74\/100
|-enditem|p2a: Greninja|Expert Belt|[from] move: Knock Off|[of] p1a: Weavile
|
|upkeep
|turn|16
|
|t:|1759032974
|move|p2a: Greninja|Surf|p1a: Weavile
|-damage|p1a: Weavile|0 fnt
|faint|p1a: Weavile
|
|upkeep
|
|t:|1759032988
|switch|p1a: Gardevoir|Gardevoir, M|100\/100
|turn|17
|
|t:|1759033003
|detailschange|p1a: Gardevoir|Gardevoir-Mega, M
|-mega|p1a: Gardevoir|Gardevoir|Gardevoirite
|move|p2a: Greninja|Dark Pulse|p1a: Gardevoir
|-damage|p1a: Gardevoir|48\/100
|move|p1a: Gardevoir|Hyper Voice|p2a: Greninja
|-supereffective|p2a: Greninja
|-damage|p2a: Greninja|0 fnt
|faint|p2a: Greninja
|
|-sideend|p2: Conundromic|Reflect
|upkeep
|
|t:|1759033012
|switch|p2a: Garganacl|Garganacl, M|49\/100 tox
|turn|18
|
|t:|1759033022
|move|p1a: Gardevoir|Focus Blast|p2a: Garganacl
|-supereffective|p2a: Garganacl
|-damage|p2a: Garganacl|19\/100 tox
|-unboost|p2a: Garganacl|spd|1
|move|p2a: Garganacl|Salt Cure|p1a: Gardevoir
|-damage|p1a: Gardevoir|24\/100
|-start|p1a: Gardevoir|Salt Cure
|
|-heal|p2a: Garganacl|25\/100 tox|[from] item: Leftovers
|-damage|p2a: Garganacl|19\/100 tox|[from] psn
|-damage|p1a: Gardevoir|12\/100|[from] Salt Cure
|upkeep
|turn|19
|
|t:|1759033038
|move|p1a: Gardevoir|Focus Blast|p2a: Garganacl
|-supereffective|p2a: Garganacl
|-damage|p2a: Garganacl|0 fnt
|faint|p2a: Garganacl
|
|win|blader1176
|c|☆Conundromic|gg
|c|☆blader1176|ggwp
|j| Ocarina919

</script>
</div>
<div class="battle-log battle-log-inline"><div class="inner"><div class="battle-options"></div><div class="inner message-log"><div class="chat"><small>☆blader1176 and ☆Conundromic joined</small></div><div class=""><small>Format:</small> <br><strong>[Gen 9] NatDex Draft</strong></div><div class=""><small><em>Tera Type Preview:</em> Tera Types are shown at Team Preview</small></div><div class=""><small><em>Sleep Clause Mod:</em> Limit one foe put to sleep</small></div><div class=""><small><em>OHKO Clause:</em> OHKO moves are banned</small></div><div class=""><small><em>Evasion Clause:</em> Evasion abilities, items, and moves are banned</small></div><div class=""><small><em>Evasion Abilities Clause:</em> Evasion abilities are banned</small></div><div class=""><small><em>Evasion Items Clause:</em> Evasion items are banned</small></div><div class=""><small><em>Evasion Moves Clause:</em> Evasion moves are banned</small></div><div class=""><small><em>Endless Battle Clause:</em> Forcing endless battles is banned</small></div><div class=""><small><em>HP Percentage Mod:</em> HP is shown in percentages</small></div><div class="chat"><div class="infobox"><details class="readmore" open=""><summary><strong>1 custom rule:</strong></summary> Tera Type Preview</details></div></div><div class="chat">blader1176's Tera Types:<br><span class="picon" style="background:transparent url(https://play.pokemonshowdown.com/sprites/pokemonicons-sheet.png?v19) no-repeat scroll -0px -960px"></span><img src="https://play.pokemonshowdown.com/sprites/types/Flying.png" alt="Flying" height="14" width="32" class="pixelated"> / <span class="picon" style="background:transparent url(https://play.pokemonshowdown.com/sprites/pokemonicons-sheet.png?v19) no-repeat scroll -240px -690px"></span><img src="https://play.pokemonshowdown.com/sprites/types/Psychic.png" alt="Psychic" height="14" width="32" class="pixelated"> / <span class="picon" style="background:transparent url(https://play.pokemonshowdown.com/sprites/pokemonicons-sheet.png?v19) no-repeat scroll -280px -1200px"></span><img src="https://play.pokemonshowdown.com/sprites/types/Fairy.png" alt="Fairy" height="14" width="32" class="pixelated"> / <span class="picon" style="background:transparent url(https://play.pokemonshowdown.com/sprites/pokemonicons-sheet.png?v19) no-repeat scroll -200px -1140px"></span><img src="https://play.pokemonshowdown.com/sprites/types/Ice.png" alt="Ice" height="14" width="32" class="pixelated"> / <span class="picon" style="background:transparent url(https://play.pokemonshowdown.com/sprites/pokemonicons-sheet.png?v19) no-repeat scroll -240px -1980px"></span><img src="https://play.pokemonshowdown.com/sprites/types/Grass.png" alt="Grass" height="14" width="32" class="pixelated"> / <span class="picon" style="background:transparent url(https://play.pokemonshowdown.com/sprites/pokemonicons-sheet.png?v19) no-repeat scroll -40px -2370px"></span><img src="https://play.pokemonshowdown.com/sprites/types/Water.png" alt="Water" height="14" width="32" class="pixelated"></div><div class="chat">Conundromic's Tera Types:<br><span class="picon" style="background:transparent url(https://play.pokemonshowdown.com/sprites/pokemonicons-sheet.png?v19) no-repeat scroll -160px -1110px"></span><img src="https://play.pokemonshowdown.com/sprites/types/Fighting.png" alt="Fighting" height="14" width="32" class="pixelated"> / <span class="picon" style="background:transparent url(https://play.pokemonshowdown.com/sprites/pokemonicons-sheet.png?v19) no-repeat scroll -360px -600px"></span><img src="https://play.pokemonshowdown.com/sprites/types/Fairy.png" alt="Fairy" height="14" width="32" class="pixelated"> / <span class="picon" style="background:transparent url(https://play.pokemonshowdown.com/sprites/pokemonicons-sheet.png?v19) no-repeat scroll -200px -2550px"></span><img src="https://play.pokemonshowdown.com/sprites/types/Dark.png" alt="Dark" height="14" width="32" class="pixelated"> / <span class="picon" style="background:transparent url(https://play.pokemonshowdown.com/sprites/pokemonicons-sheet.png?v19) no-repeat scroll -0px -2550px"></span><img src="https://play.pokemonshowdown.com/sprites/types/Fairy.png" alt="Fairy" height="14" width="32" class="pixelated"> / <span class="picon" style="background:transparent url(https://play.pokemonshowdown.com/sprites/pokemonicons-sheet.png?v19) no-repeat scroll -400px -2310px"></span><img src="https://play.pokemonshowdown.com/sprites/types/Water.png" alt="Water" height="14" width="32" class="pixelated"> / <span class="picon" style="background:transparent url(https://play.pokemonshowdown.com/sprites/pokemonicons-sheet.png?v19) no-repeat scroll -400px -1620px"></span><img src="https://play.pokemonshowdown.com/sprites/types/Water.png" alt="Water" height="14" width="32" class="pixelated"></div><div class="chat battle-history"><strong>blader1176's team:</strong> <em style="color:#445566;display:block;">Rayquaza / Gardevoir / Giratina / Weavile / Kartana / Toedscruel</em></div><div class="chat battle-history"><strong>Conundromic's team:</strong> <em style="color:#445566;display:block;">Lucario / Lugia / Pecharunt / Gouging Fire / Garganacl / Greninja-*</em></div><div class="chat chatmessage-conundromic"><strong style="color:#2d8875"><small class="groupsymbol">☆</small><span class="username">Conundromic</span>:</strong> <em>brb bathroom</em></div><div class="chat"><small> ChillerFrost,  serendipidu, and  phantom0rion joined</small></div><div class="chat chatmessage-blader1176"><strong style="color:#797ad1"><small class="groupsymbol">☆</small><span class="username">blader1176</span>:</strong> <em>musta been a shit</em></div><div class="spacer battle-history"><br></div><div class="battle-history">Battle started between blader1176 and Conundromic!<br></div><div class="spacer battle-history"><br></div><div class="battle-history">Go! <strong>Giratina</strong>!<br></div><div class="spacer battle-history"><br></div><div class="battle-history">Conundromic sent out <strong>Pecharunt</strong>!<br></div><div class="battle-history">[Giratina's Pressure]<br><small>Giratina is exerting its pressure!</small><br></div><div class="spacer battle-history"><br></div><h2 class="battle-history">Turn 1</h2><div class="chat chatmessage-blader1176"><strong style="color:#797ad1"><small class="groupsymbol">☆</small><span class="username">blader1176</span>:</strong> <em>hahaha glhf</em></div><div class="chat chatmessage-blader1176"><strong style="color:#797ad1"><small class="groupsymbol">☆</small><span class="username">blader1176</span>:</strong> <em>!servertime</em></div><div class="chat"><div class="infobox">Server time: <b>9/28/2025, 4:06:18 AM</b></div></div><div class="spacer battle-history"><br></div><div class="battle-history">The opposing Pecharunt used <strong>Malignant Chain</strong>!<br></div><div class="battle-history"><small>It's not very effective...</small><br></div><div class="battle-history"><small>(Giratina lost 11% of its health!)</small><br></div><div class="spacer battle-history"><br></div><div class="battle-history">Giratina used <strong>Will-O-Wisp</strong>!<br></div><div class="battle-history"><small>The opposing Pecharunt was burned!</small><br></div><div class="spacer battle-history"><br></div><div class="battle-history"><small>The opposing Pecharunt was hurt by its burn!</small><br></div><div class="spacer battle-history"><br></div><h2 class="battle-history">Turn 2</h2><div class="spacer battle-history"><br></div><div class="battle-history">The opposing Pecharunt used <strong>Shadow Ball</strong>!<br></div><div class="battle-history"><small>It's super effective!</small><br></div><div class="battle-history"><small>(Giratina lost 33% of its health!)</small><br></div><div class="spacer battle-history"><br></div><div class="battle-history">Giratina used <strong>Hex</strong>!<br></div><div class="battle-history"><small>It's super effective!</small><br></div><div class="battle-history"><small>A critical hit!</small><br></div><div class="battle-history"><small>(The opposing Pecharunt lost 94% of its health!)</small><br></div><div class="spacer battle-history"><br></div><div class="battle-history">The opposing Pecharunt fainted!<br></div><div class="spacer battle-history"><br></div><div class="battle-history">Conundromic sent out <strong>Gouging Fire</strong>!<br></div><div class="battle-history"><small>(The opposing Gouging Fire used its Booster Energy!)</small><br></div><div class="battle-history">[The opposing Gouging Fire's Protosynthesis]<br><small>The opposing Gouging Fire used its Booster Energy to activate Protosynthesis!</small><br></div><div class="battle-history"><small>The opposing Gouging Fire's Speed was heightened!</small><br></div><div class="spacer battle-history"><br></div><h2 class="battle-history">Turn 3</h2><div class="spacer battle-history"><br></div><div class="battle-history">The opposing Gouging Fire used <strong>Dragon Dance</strong>!<br></div><div class="battle-history"><small>The opposing Gouging Fire's Attack rose!</small><br></div><div class="battle-history"><small>The opposing Gouging Fire's Speed rose!</small><br></div><div class="spacer battle-history"><br></div><div class="battle-history">Giratina used <strong>Draco Meteor</strong>!<br></div><div class="battle-history"><small>It's super effective!</small><br></div><div class="battle-history"><small>(The opposing Gouging Fire lost 100% of its health!)</small><br></div><div class="battle-history"><small>Giratina's Sp. Atk fell harshly!</small><br></div><div class="spacer battle-history"><br></div><div class="battle-history">The opposing Gouging Fire fainted!<br></div><div class="chat"><small> imred65 joined</small></div><div class="spacer battle-history"><br></div><div class="battle-history">Conundromic sent out <strong>Garganacl</strong>!<br></div><div class="spacer battle-history"><br></div><h2 class="battle-history">Turn 4</h2><div class="spacer battle-history"><br></div><div class="battle-history">Giratina, come back!<br></div><div class="battle-history">Go! <strong>Toedscruel</strong>!<br></div><div class="spacer battle-history"><br></div><div class="battle-history">The opposing Garganacl used <strong>Salt Cure</strong>!<br></div><div class="battle-history"><small>It's not very effective...</small><br></div><div class="battle-history"><small>(Toedscruel lost 10% of its health!)</small><br></div><div class="battle-history"><small>Toedscruel is being salt cured!</small><br></div><div class="spacer battle-history"><br></div><div class="battle-history"><small>Toedscruel is hurt by Salt Cure!</small><br></div><div class="spacer battle-history"><br></div><h2 class="battle-history">Turn 5</h2><div class="spacer battle-history"><br></div><div class="battle-history">The opposing Garganacl used <strong>Iron Defense</strong>!<br></div><div class="battle-history"><small>The opposing Garganacl's Defense rose sharply!</small><br></div><div class="spacer battle-history"><br></div><div class="battle-history">Toedscruel used <strong>Toxic</strong>!<br></div><div class="battle-history"><small>The opposing Garganacl was badly poisoned!</small><br></div><div class="spacer battle-history"><br></div><div class="battle-history"><small>The opposing Garganacl was hurt by poison!</small><br></div><div class="battle-history"><small>Toedscruel is hurt by Salt Cure!</small><br></div><div class="spacer battle-history"><br></div><h2 class="battle-history">Turn 6</h2><div class="spacer battle-history"><br></div><div class="battle-history">Toedscruel used <strong>Giga Drain</strong>!<br></div><div class="battle-history"><small>It's super effective!</small><br></div><div class="battle-history"><small>(The opposing Garganacl lost 39% of its health!)</small><br></div><div class="battle-history"><small>The opposing Garganacl had its energy drained!</small><br></div><div class="spacer battle-history"><br></div><div class="battle-history">The opposing Garganacl used <strong>Salt Cure</strong>!<br></div><div class="battle-history"><small>It's not very effective...</small><br></div><div class="battle-history"><small>(Toedscruel lost 11% of its health!)</small><br></div><div class="spacer battle-history"><br></div><div class="battle-history"><small>The opposing Garganacl restored a little HP using its Leftovers!</small><br></div><div class="battle-history"><small>The opposing Garganacl was hurt by poison!</small><br></div><div class="battle-history"><small>Toedscruel is hurt by Salt Cure!</small><br></div><div class="spacer battle-history"><br></div><h2 class="battle-history">Turn 7</h2><div class="spacer battle-history"><br></div><div class="battle-history">Conundromic withdrew Garganacl!<br></div><div class="battle-history">Conundromic sent out <strong>Lugia</strong>!<br></div><div class="spacer battle-history"><br></div><div class="battle-history">Toedscruel used <strong>Earth Power</strong>!<br></div><div class="battle-history"><small>It doesn't affect the opposing Lugia...</small><br></div><div class="spacer battle-history"><br></div><div class="battle-history"><small>Toedscruel is hurt by Salt Cure!</small><br></div><div class="spacer battle-history"><br></div><h2 class="battle-history">Turn 8</h2><div class="spacer battle-history"><br></div><div class="battle-history">Conundromic withdrew Lugia!<br></div><div class="battle-history">Conundromic sent out <strong>Lucario</strong>!<br></div><div class="spacer battle-history"><br></div><div class="battle-history">Toedscruel used <strong>Toxic</strong>!<br></div><div class="battle-history"><small>It doesn't affect the opposing Lucario...</small><br></div><div class="spacer battle-history"><br></div><div class="battle-history"><small>Toedscruel is hurt by Salt Cure!</small><br></div><div class="spacer battle-history"><br></div><h2 class="battle-history">Turn 9</h2><div class="spacer battle-history"><br></div><div class="battle-history"><small>The opposing Lucario's Lucarionite is reacting to the Key Stone!</small><br>The opposing Lucario has Mega Evolved into Mega Lucario!<br></div><div class="spacer battle-history"><br></div><div class="battle-history">The opposing Lucario used <strong>Meteor Mash</strong>!<br></div><div class="battle-history"><small>Toedscruel avoided the attack!</small><br></div><div class="spacer battle-history"><br></div><div class="battle-history">Toedscruel used <strong>Earth Power</strong>!<br></div><div class="battle-history"><small>It's super effective!</small><br></div><div class="battle-history"><small>(The opposing Lucario lost 100% of its health!)</small><br></div><div class="spacer battle-history"><br></div><div class="battle-history">The opposing Lucario fainted!<br></div><div class="spacer battle-history"><br></div><div class="battle-history"><small>Toedscruel is hurt by Salt Cure!</small><br></div><div class="spacer battle-history"><br></div><div class="battle-history">Conundromic sent out <strong>Lugia</strong>!<br></div><div class="spacer battle-history"><br></div><h2 class="battle-history">Turn 10</h2><div class="spacer battle-history"><br></div><div class="battle-history">The opposing Lugia used <strong>Reflect</strong>!<br></div><div class="battle-history"><small>Reflect made the opposing team stronger against physical moves!</small><br></div><div class="spacer battle-history"><br></div><div class="battle-history">Toedscruel used <strong>Toxic</strong>!<br></div><div class="battle-history"><small>The opposing Lugia was badly poisoned!</small><br></div><div class="spacer battle-history"><br></div><div class="battle-history"><small>The opposing Lugia was hurt by poison!</small><br></div><div class="battle-history"><small>Toedscruel is hurt by Salt Cure!</small><br></div><div class="spacer battle-history"><br></div><h2 class="battle-history">Turn 11</h2><div class="spacer battle-history"><br></div><div class="battle-history">Toedscruel, come back!<br></div><div class="battle-history">Go! <strong>Giratina</strong>!<br></div><div class="battle-history">[Giratina's Pressure]<br><small>Giratina is exerting its pressure!</small><br></div><div class="spacer battle-history"><br></div><div class="battle-history">The opposing Lugia used <strong>Toxic</strong>!<br></div><div class="battle-history"><small>Giratina was badly poisoned!</small><br></div><div class="spacer battle-history"><br></div><div class="battle-history"><small>The opposing Lugia was hurt by poison!</small><br></div><div class="battle-history"><small>Giratina was hurt by poison!</small><br></div><div class="spacer battle-history"><br></div><h2 class="battle-history">Turn 12</h2><div class="spacer battle-history"><br></div><div class="battle-history">The opposing Lugia used <strong>Light Screen</strong>!<br></div><div class="battle-history"><small>Light Screen made the opposing team stronger against special moves!</small><br></div><div class="spacer battle-history"><br></div><div class="battle-history">Giratina used <strong>Hex</strong>!<br></div><div class="battle-history"><small>It's super effective!</small><br></div><div class="battle-history"><small>(The opposing Lugia lost 41% of its health!)</small><br></div><div class="spacer battle-history"><br></div><div class="battle-history"><small>The opposing Lugia was hurt by poison!</small><br></div><div class="battle-history"><small>Giratina was hurt by poison!</small><br></div><div class="spacer battle-history"><br></div><h2 class="battle-history">Turn 13</h2><div class="spacer battle-history"><br></div><div class="battle-history">The opposing Lugia used <strong>Toxic</strong>!<br></div><div class="battle-history"><small>But it failed!</small><br></div><div class="spacer battle-history"><br></div><div class="battle-history">Giratina used <strong>Hex</strong>!<br></div><div class="battle-history"><small>It's super effective!</small><br></div><div class="battle-history"><small>(The opposing Lugia lost 23% of its health!)</small><br></div><div class="spacer battle-history"><br></div><div class="battle-history">The opposing Lugia fainted!<br></div><div class="spacer battle-history"><br></div><div class="battle-history"><small>Giratina was hurt by poison!</small><br></div><div class="spacer battle-history"><br></div><div class="battle-history">Conundromic sent out <strong>Greninja</strong>!<br></div><div class="spacer battle-history"><br></div><h2 class="battle-history">Turn 14</h2><div class="spacer battle-history"><br></div><div class="battle-history">Giratina used <strong>Shadow Sneak</strong>!<br></div><div class="battle-history"><small>It's not very effective...</small><br></div><div class="battle-history"><small>(The opposing Greninja lost 6% of its health!)</small><br></div><div class="spacer battle-history"><br></div><div class="battle-history">The opposing Greninja used <strong>Dark Pulse</strong>!<br></div><div class="battle-history"><small>It's super effective!</small><br></div><div class="battle-history"><small>(Giratina lost 20% of its health!)</small><br></div><div class="spacer battle-history"><br></div><div class="battle-history">Giratina fainted!<br></div><div class="battle-history">[The opposing Greninja's Battle Bond]<br></div><div class="battle-history"><small>The opposing Greninja's Attack rose!</small><br></div><div class="battle-history"><small>The opposing Greninja's Sp. Atk rose!</small><br></div><div class="battle-history"><small>The opposing Greninja's Speed rose!</small><br></div><div class="battle-history">[The opposing Greninja's Battle Bond]<br><small>The opposing Greninja became fully charged due to its bond with its Trainer!</small><br></div><div class="spacer battle-history"><br></div><div class="battle-history">Go! <strong>Weavile</strong>!<br></div><div class="battle-history">[Weavile's Pressure]<br><small>Weavile is exerting its pressure!</small><br></div><div class="spacer battle-history"><br></div><h2 class="battle-history">Turn 15</h2><div class="spacer battle-history"><br></div><div class="battle-history">The opposing Greninja used <strong>Surf</strong>!<br></div><div class="battle-history"><small>(Weavile lost 81% of its health!)</small><br></div><div class="spacer battle-history"><br></div><div class="battle-history">Weavile used <strong>Knock Off</strong>!<br></div><div class="battle-history"><small>It's not very effective...</small><br></div><div class="battle-history"><small>(The opposing Greninja lost 20% of its health!)</small><br></div><div class="battle-history"><small>Weavile knocked off the opposing Greninja's Expert Belt!</small><br></div><div class="spacer battle-history"><br></div><h2 class="battle-history">Turn 16</h2><div class="spacer battle-history"><br></div><div class="battle-history">The opposing Greninja used <strong>Surf</strong>!<br></div><div class="battle-history"><small>(Weavile lost 19% of its health!)</small><br></div><div class="spacer battle-history"><br></div><div class="battle-history">Weavile fainted!<br></div><div class="spacer battle-history"><br></div><div class="battle-history">Go! <strong>Gardevoir</strong>!<br></div><div class="spacer battle-history"><br></div><h2 class="battle-history">Turn 17</h2><div class="spacer battle-history"><br></div><div class="battle-history"><small>Gardevoir's Gardevoirite is reacting to the Key Stone!</small><br>Gardevoir has Mega Evolved into Mega Gardevoir!<br></div><div class="spacer battle-history"><br></div><div class="battle-history">The opposing Greninja used <strong>Dark Pulse</strong>!<br></div><div class="battle-history"><small>(Gardevoir lost 52% of its health!)</small><br></div><div class="spacer battle-history"><br></div><div class="battle-history">Gardevoir used <strong>Hyper Voice</strong>!<br></div><div class="battle-history"><small>It's super effective!</small><br></div><div class="battle-history"><small>(The opposing Greninja lost 74% of its health!)</small><br></div><div class="spacer battle-history"><br></div><div class="battle-history">The opposing Greninja fainted!<br></div><div class="spacer battle-history"><br></div><div class="battle-history"><small>The opposing team's Reflect wore off!</small><br></div><div class="spacer battle-history"><br></div><div class="battle-history">Conundromic sent out <strong>Garganacl</strong>!<br></div><div class="spacer battle-history"><br></div><h2 class="battle-history">Turn 18</h2><div class="spacer battle-history"><br></div><div class="battle-history">Gardevoir used <strong>Focus Blast</strong>!<br></div><div class="battle-history"><small>It's super effective!</small><br></div><div class="battle-history"><small>(The opposing Garganacl lost 30% of its health!)</small><br></div><div class="battle-history"><small>The opposing Garganacl's Sp. Def fell!</small><br></div><div class="spacer battle-history"><br></div><div class="battle-history">The opposing Garganacl used <strong>Salt Cure</strong>!<br></div><div class="battle-history"><small>(Gardevoir lost 24% of its health!)</small><br></div><div class="battle-history"><small>Gardevoir is being salt cured!</small><br></div><div class="spacer battle-history"><br></div><div class="battle-history"><small>The opposing Garganacl restored a little HP using its Leftovers!</small><br></div><div class="battle-history"><small>The opposing Garganacl was hurt by poison!</small><br></div><div class="battle-history"><small>Gardevoir is hurt by Salt Cure!</small><br></div><div class="spacer battle-history"><br></div><h2 class="battle-history">Turn 19</h2><div class="spacer battle-history"><br></div><div class="battle-history">Gardevoir used <strong>Focus Blast</strong>!<br></div><div class="battle-history"><small>It's super effective!</small><br></div><div class="battle-history"><small>(The opposing Garganacl lost 19% of its health!)</small><br></div><div class="spacer battle-history"><br></div><div class="battle-history">The opposing Garganacl fainted!<br></div><div class="spacer battle-history"><br></div><div class="battle-history"><strong>blader1176</strong> won the battle!<br></div><div class="chat chatmessage-conundromic"><strong style="color:#2d8875"><small class="groupsymbol">☆</small><span class="username">Conundromic</span>:</strong> <em>gg</em></div><div class="chat chatmessage-blader1176"><strong style="color:#797ad1"><small class="groupsymbol">☆</small><span class="username">blader1176</span>:</strong> <em>ggwp</em></div><div class="chat"><small> Ocarina919 joined</small></div></div><div class="inner-preempt message-log"></div></div></div>
</div>
<script>
let daily = Math.floor(Date.now()/1000/60/60/24);document.write('<script src="https://play.pokemonshowdown.com/js/replay-embed.js?version'+daily+'"></'+'script>');
</script>
