<!DOCTYPE html>
<meta charset="utf-8" />
<!-- version 1 -->
<title>[Gen 9] NatDex Draft replay: elementalassasin vs. 25Days</title>
<style>
html,body {font-family:Verdana, sans-serif;font-size:10pt;margin:0;padding:0;}body{padding:12px 0;} .battle-log {font-family:Verdana, sans-serif;font-size:10pt;} .battle-log-inline {border:1px solid #AAAAAA;background:#EEF2F5;color:black;max-width:640px;margin:0 auto 80px;padding-bottom:5px;} .battle-log .inner {padding:4px 8px 0px 8px;} .battle-log .inner-preempt {padding:0 8px 4px 8px;} .battle-log .inner-after {margin-top:0.5em;} .battle-log h2 {margin:0.5em -8px;padding:4px 8px;border:1px solid #AAAAAA;background:#E0E7EA;border-left:0;border-right:0;font-family:Verdana, sans-serif;font-size:13pt;} .battle-log .chat {vertical-align:middle;padding:3px 0 3px 0;font-size:8pt;} .battle-log .chat strong {color:#40576A;} .battle-log .chat em {padding:1px 4px 1px 3px;color:#000000;font-style:normal;} .chat.mine {background:rgba(0,0,0,0.05);margin-left:-8px;margin-right:-8px;padding-left:8px;padding-right:8px;} .spoiler {color:#BBBBBB;background:#BBBBBB;padding:0px 3px;} .spoiler:hover, .spoiler:active, .spoiler-shown {color:#000000;background:#E2E2E2;padding:0px 3px;} .spoiler a {color:#BBBBBB;} .spoiler:hover a, .spoiler:active a, .spoiler-shown a {color:#2288CC;} .chat code, .chat .spoiler:hover code, .chat .spoiler:active code, .chat .spoiler-shown code {border:1px solid #C0C0C0;background:#EEEEEE;color:black;padding:0 2px;} .chat .spoiler code {border:1px solid #CCCCCC;background:#CCCCCC;color:#CCCCCC;} .battle-log .rated {padding:3px 4px;} .battle-log .rated strong {color:white;background:#89A;padding:1px 4px;border-radius:4px;} .spacer {margin-top:0.5em;} .message-announce {background:#6688AA;color:white;padding:1px 4px 2px;} .message-announce a, .broadcast-green a, .broadcast-blue a, .broadcast-red a {color:#DDEEFF;} .broadcast-green {background-color:#559955;color:white;padding:2px 4px;} .broadcast-blue {background-color:#6688AA;color:white;padding:2px 4px;} .infobox {border:1px solid #6688AA;padding:2px 4px;} .infobox-limited {max-height:200px;overflow:auto;overflow-x:hidden;} .broadcast-red {background-color:#AA5544;color:white;padding:2px 4px;} .message-learn-canlearn {font-weight:bold;color:#228822;text-decoration:underline;} .message-learn-cannotlearn {font-weight:bold;color:#CC2222;text-decoration:underline;} .message-effect-weak {font-weight:bold;color:#CC2222;} .message-effect-resist {font-weight:bold;color:#6688AA;} .message-effect-immune {font-weight:bold;color:#666666;} .message-learn-list {margin-top:0;margin-bottom:0;} .message-throttle-notice, .message-error {color:#992222;} .message-overflow, .chat small.message-overflow {font-size:0pt;} .message-overflow::before {font-size:9pt;content:'...';} .subtle {color:#3A4A66;}
</style>
<div class="wrapper replay-wrapper" style="max-width:1180px;margin:0 auto">
<input type="hidden" name="replayid" value="gen9natdexdraft-2450798967" />
<div class="battle"></div><div class="battle-log"></div><div class="replay-controls"></div><div class="replay-controls-2"></div>
<h1 style="font-weight:normal;text-align:center"><strong>[Gen 9] NatDex Draft</strong><br /><a href="http://pokemonshowdown.com/users/elementalassasin" class="subtle" target="_blank">elementalassasin</a> vs. <a href="http://pokemonshowdown.com/users/25days" class="subtle" target="_blank">25Days</a></h1>
<script type="text/plain" class="battle-log-data">
|j|☆elementalassasin
|j|☆25Days
|t:|1759028472
|gametype|singles
|player|p1|elementalassasin|volkner|
|player|p2|25Days|swimmerm-gen3rs|
|gen|9
|tier|[Gen 9] NatDex Draft
|rule|Tera Type Preview: Tera Types are shown at Team Preview
|rule|Sleep Clause Mod: Limit one foe put to sleep
|rule|OHKO Clause: OHKO moves are banned
|rule|Evasion Clause: Evasion abilities, items, and moves are banned
|rule|Evasion Abilities Clause: Evasion abilities are banned
|rule|Evasion Items Clause: Evasion items are banned
|rule|Evasion Moves Clause: Evasion moves are banned
|rule|Endless Battle Clause: Forcing endless battles is banned
|rule|HP Percentage Mod: HP is shown in percentages
|raw|<div class="infobox"><details class="readmore" open><summary><strong>1 custom rule:<\/strong><\/summary> Tera Type Preview<\/details><\/div>
|clearpoke
|poke|p1|Xerneas-*|
|poke|p1|Deoxys-Attack|
|poke|p1|Tornadus-Therian, M|
|poke|p1|Ting-Lu|
|poke|p1|Iron Moth|
|poke|p1|Empoleon, M|
|poke|p2|Pelipper, M|
|poke|p2|Yveltal|
|poke|p2|Barraskewda, M|
|poke|p2|Iron Bundle|
|poke|p2|Archaludon, F|
|poke|p2|Scream Tail|
|raw|elementalassasin's Tera Types:<br \/><psicon pokemon="xerneas" \/><psicon type="Fairy" \/> \/ <psicon pokemon="deoxysattack" \/><psicon type="Psychic" \/> \/ <psicon pokemon="tornadustherian" \/><psicon type="Electric" \/> \/ <psicon pokemon="tinglu" \/><psicon type="Dark" \/> \/ <psicon pokemon="ironmoth" \/><psicon type="Fire" \/> \/ <psicon pokemon="empoleon" \/><psicon type="Water" \/>
|raw|25Days's Tera Types:<br \/><psicon pokemon="pelipper" \/><psicon type="Bug" \/> \/ <psicon pokemon="yveltal" \/><psicon type="Bug" \/> \/ <psicon pokemon="barraskewda" \/><psicon type="Water" \/> \/ <psicon pokemon="ironbundle" \/><psicon type="Bug" \/> \/ <psicon pokemon="archaludon" \/><psicon type="Steel" \/> \/ <psicon pokemon="screamtail" \/><psicon type="Bug" \/>
|teampreview
|j| ChillerFrost
|c|☆25Days|gl
|j| Crown Oji
|j| serendipidu
|c|☆elementalassasin|gl
|c|☆elementalassasin|hf
|c|☆elementalassasin|did you say you wanna timer
|c|☆25Days|only if you do i dont mind
|
|t:|1759028562
|teamsize|p1|6
|teamsize|p2|6
|start
|switch|p1a: Iron Moth|Iron Moth|100\/100
|switch|p2a: mhmmmm|Pelipper, M|100\/100
|-weather|RainDance|[from] ability: Drizzle|[of] p2a: mhmmmm
|turn|1
|c|☆elementalassasin|up2u
|j| phantom0rion
|c| ChillerFrost|make sure to server time
|c|☆elementalassasin|!servertime
|c| elementalassasin|\/raw <div class="infobox">Server time: <b>9\/28\/2025, 3:03:06 AM<\/b><\/div>
|c|☆elementalassasin|bad vibes from dnd
|c|☆elementalassasin|or good
|
|t:|1759028604
|move|p1a: Iron Moth|Discharge|p2a: mhmmmm
|-supereffective|p2a: mhmmmm
|-damage|p2a: mhmmmm|0 fnt
|faint|p2a: mhmmmm
|
|-weather|RainDance|[upkeep]
|upkeep
|c| ChillerFrost|eh vibes
|
|t:|1759028612
|switch|p2a: 60ftfromaschool|Barraskewda, M|100\/100
|turn|2
|c| ChillerFrost|almost died but didnt
|
|t:|1759028619
|-terastallize|p2a: 60ftfromaschool|Water
|move|p2a: 60ftfromaschool|Liquidation|p1a: Iron Moth
|-supereffective|p1a: Iron Moth
|-enditem|p1a: Iron Moth|Focus Sash
|-damage|p1a: Iron Moth|1\/100
|move|p1a: Iron Moth|Sunny Day|p1a: Iron Moth
|-weather|SunnyDay
|
|-weather|SunnyDay|[upkeep]
|upkeep
|turn|3
|c|☆25Days|good vibes
|
|t:|1759028640
|move|p2a: 60ftfromaschool|Liquidation|p1a: Iron Moth
|-supereffective|p1a: Iron Moth
|-damage|p1a: Iron Moth|0 fnt
|faint|p1a: Iron Moth
|-end|p1a: Iron Moth|Quark Drive|[silent]
|
|-weather|SunnyDay|[upkeep]
|upkeep
|j| Conundromic
|
|t:|1759028690
|switch|p1a: Tornadus|Tornadus-Therian, M|100\/100
|turn|4
|
|t:|1759028718
|switch|p2a: saddle up|Archaludon, F|100\/100
|-terastallize|p1a: Tornadus|Electric
|move|p1a: Tornadus|Tera Blast|p2a: saddle up|[anim] Tera Blast Electric
|-resisted|p2a: saddle up
|-damage|p2a: saddle up|91\/100
|-ability|p2a: saddle up|Stamina|boost
|-boost|p2a: saddle up|def|1
|-enditem|p1a: Tornadus|Mirror Herb
|-boost|p1a: Tornadus|def|1|[from] item: Mirror Herb
|
|-weather|SunnyDay|[upkeep]
|upkeep
|turn|5
|j| tomkeap
|
|t:|1759028819
|move|p1a: Tornadus|Focus Blast|p2a: saddle up|[miss]
|-miss|p1a: Tornadus|p2a: saddle up
|move|p2a: saddle up|Flash Cannon|p1a: Tornadus
|-resisted|p1a: Tornadus
|-damage|p1a: Tornadus|82\/100
|
|-weather|SunnyDay|[upkeep]
|upkeep
|turn|6
|
|t:|1759028837
|move|p1a: Tornadus|Focus Blast|p2a: saddle up
|-supereffective|p2a: saddle up
|-damage|p2a: saddle up|54\/100
|-ability|p2a: saddle up|Stamina|boost
|-boost|p2a: saddle up|def|1
|move|p2a: saddle up|Mirror Coat|p1a: Tornadus
|-damage|p1a: Tornadus|4\/100
|
|-weather|none
|upkeep
|turn|7
|
|t:|1759028854
|switch|p1a: Ting-Lu|Ting-Lu|100\/100
|-ability|p1a: Ting-Lu|Vessel of Ruin
|move|p2a: saddle up|Flash Cannon|p1a: Ting-Lu
|-damage|p1a: Ting-Lu|88\/100
|
|-heal|p1a: Ting-Lu|94\/100|[from] item: Leftovers
|upkeep
|turn|8
|
|t:|1759028897
|switch|p2a: Hi|Iron Bundle|100\/100
|move|p1a: Ting-Lu|Stealth Rock|p2a: Hi
|-sidestart|p2: 25Days|move: Stealth Rock
|
|-heal|p1a: Ting-Lu|99\/100|[from] item: Leftovers
|upkeep
|turn|9
|
|t:|1759028939
|switch|p1a: Empoleon|Empoleon, M|100\/100
|move|p2a: Hi|Freeze-Dry|p1a: Empoleon
|-crit|p1a: Empoleon
|-damage|p1a: Empoleon|31\/100
|
|upkeep
|turn|10
|
|t:|1759028946
|move|p1a: Empoleon|Endure|p1a: Empoleon
|-singleturn|p1a: Empoleon|move: Endure
|move|p2a: Hi|Freeze-Dry|p1a: Empoleon
|-activate|p1a: Empoleon|move: Endure
|-damage|p1a: Empoleon|1\/100
|
|upkeep
|turn|11
|-enditem|p1a: Empoleon|Custap Berry|[eat]
|-activate|p1a: Empoleon|item: Custap Berry|[consumed]
|
|t:|1759028973
|move|p1a: Empoleon|Steel Beam|p2a: Hi
|-damage|p2a: Hi|0 fnt
|-damage|p1a: Empoleon|0 fnt|[from] steelbeam
|faint|p1a: Empoleon
|faint|p2a: Hi
|-end|p2a: Hi|Quark Drive|[silent]
|
|upkeep
|
|t:|1759029001
|switch|p2a: 60ftfromaschool|Barraskewda, M, tera:Water|100\/100
|switch|p1a: Deoxys|Deoxys-Attack|100\/100
|-ability|p1a: Deoxys|Pressure
|-damage|p2a: 60ftfromaschool|88\/100|[from] Stealth Rock
|turn|12
|
|t:|1759029050
|switch|p1a: Tornadus|Tornadus-Therian, M, tera:Electric|37\/100
|switch|p2a: lickibum|Scream Tail|100\/100
|-damage|p2a: lickibum|88\/100|[from] Stealth Rock
|
|upkeep
|turn|13
|
|t:|1759029134
|switch|p1a: Deoxys|Deoxys-Attack|100\/100
|-ability|p1a: Deoxys|Pressure
|move|p2a: lickibum|Wish|p2a: lickibum
|
|upkeep
|turn|14
|
|t:|1759029197
|move|p1a: Deoxys|Reflect|p1a: Deoxys
|-sidestart|p1: elementalassasin|Reflect
|move|p2a: lickibum|Boomburst|p1a: Deoxys
|-damage|p1a: Deoxys|27\/100
|
|-heal|p2a: lickibum|100\/100|[from] move: Wish|[wisher] lickibum
|upkeep
|turn|15
|
|t:|1759029216
|move|p1a: Deoxys|Light Screen|p1a: Deoxys
|-sidestart|p1: elementalassasin|move: Light Screen
|move|p2a: lickibum|Wish|p2a: lickibum
|
|upkeep
|turn|16
|
|t:|1759029267
|switch|p1a: Ting-Lu|Ting-Lu|99\/100
|-ability|p1a: Ting-Lu|Vessel of Ruin
|move|p2a: lickibum|Baton Pass|p2a: lickibum
|
|t:|1759029315
|-end|p2a: lickibum|Protosynthesis|[silent]
|switch|p2a: 60ftfromaschool|Barraskewda, M, tera:Water|88\/100|[from] Baton Pass
|-damage|p2a: 60ftfromaschool|76\/100|[from] Stealth Rock
|
|-heal|p2a: 60ftfromaschool|100\/100|[from] move: Wish|[wisher] lickibum
|-heal|p1a: Ting-Lu|100\/100|[from] item: Leftovers
|upkeep
|turn|17
|
|t:|1759029323
|move|p2a: 60ftfromaschool|Liquidation|p1a: Ting-Lu
|-supereffective|p1a: Ting-Lu
|-damage|p1a: Ting-Lu|47\/100
|move|p1a: Ting-Lu|Earthquake|p2a: 60ftfromaschool
|-damage|p2a: 60ftfromaschool|37\/100
|
|-heal|p1a: Ting-Lu|53\/100|[from] item: Leftovers
|upkeep
|turn|18
|
|t:|1759029332
|move|p2a: 60ftfromaschool|Liquidation|p1a: Ting-Lu
|-supereffective|p1a: Ting-Lu
|-damage|p1a: Ting-Lu|2\/100
|move|p1a: Ting-Lu|Earthquake|p2a: 60ftfromaschool
|-damage|p2a: 60ftfromaschool|0 fnt
|faint|p2a: 60ftfromaschool
|
|-heal|p1a: Ting-Lu|9\/100|[from] item: Leftovers
|upkeep
|
|t:|1759029379
|switch|p2a: toe tickler|Yveltal|100\/100
|-damage|p2a: toe tickler|76\/100|[from] Stealth Rock
|-ability|p2a: toe tickler|Dark Aura
|turn|19
|l| serendipidu
|
|t:|1759029385
|move|p2a: toe tickler|Oblivion Wing|p1a: Ting-Lu
|-damage|p1a: Ting-Lu|0 fnt
|-heal|p2a: toe tickler|83\/100|[from] drain|[of] p1a: Ting-Lu
|faint|p1a: Ting-Lu
|-damage|p2a: toe tickler|73\/100|[from] item: Life Orb
|
|upkeep
|
|t:|1759029390
|switch|p1a: Xerneas|Xerneas|100\/100
|-ability|p1a: Xerneas|Fairy Aura
|turn|20
|
|t:|1759029416
|switch|p2a: lickibum|Scream Tail|100\/100
|-damage|p2a: lickibum|88\/100|[from] Stealth Rock
|move|p1a: Xerneas|Calm Mind|p1a: Xerneas
|-boost|p1a: Xerneas|spa|1
|-boost|p1a: Xerneas|spd|1
|
|upkeep
|turn|21
|
|t:|1759029435
|move|p1a: Xerneas|Draining Kiss|p2a: lickibum
|-damage|p2a: lickibum|65\/100
|-damage|p1a: Xerneas|84\/100|[from] item: Rocky Helmet|[of] p2a: lickibum
|move|p2a: lickibum|Wish|p2a: lickibum
|
|-sideend|p1: elementalassasin|Reflect
|upkeep
|turn|22
|
|t:|1759029442
|move|p1a: Xerneas|Calm Mind|p1a: Xerneas
|-boost|p1a: Xerneas|spa|1
|-boost|p1a: Xerneas|spd|1
|move|p2a: lickibum|Baton Pass|p2a: lickibum
|
|t:|1759029447
|-end|p2a: lickibum|Protosynthesis|[silent]
|switch|p2a: saddle up|Archaludon, F|54\/100|[from] Baton Pass
|-damage|p2a: saddle up|48\/100|[from] Stealth Rock
|
|-heal|p2a: saddle up|100\/100|[from] move: Wish|[wisher] lickibum
|-sideend|p1: elementalassasin|move: Light Screen
|upkeep
|turn|23
|j| serendipidu
|j| imred65
|
|t:|1759029626
|move|p1a: Xerneas|Calm Mind|p1a: Xerneas
|-boost|p1a: Xerneas|spa|1
|-boost|p1a: Xerneas|spd|1
|move|p2a: saddle up|Flash Cannon|p1a: Xerneas
|-supereffective|p1a: Xerneas
|-damage|p1a: Xerneas|62\/100
|
|upkeep
|turn|24
|
|t:|1759029641
|move|p1a: Xerneas|Calm Mind|p1a: Xerneas
|-boost|p1a: Xerneas|spa|1
|-boost|p1a: Xerneas|spd|1
|move|p2a: saddle up|Mirror Coat||[still]
|-fail|p2a: saddle up
|
|upkeep
|turn|25
|
|t:|1759029679
|move|p1a: Xerneas|Focus Blast|p2a: saddle up
|-supereffective|p2a: saddle up
|-damage|p2a: saddle up|0 fnt
|faint|p2a: saddle up
|
|upkeep
|
|t:|1759029704
|switch|p2a: toe tickler|Yveltal|73\/100
|-damage|p2a: toe tickler|48\/100|[from] Stealth Rock
|-ability|p2a: toe tickler|Dark Aura
|turn|26
|
|t:|1759029714
|move|p1a: Xerneas|Draining Kiss|p2a: toe tickler
|-supereffective|p2a: toe tickler
|-damage|p2a: toe tickler|0 fnt
|-heal|p1a: Xerneas|100\/100|[from] drain|[of] p2a: toe tickler
|faint|p2a: toe tickler
|
|upkeep
|
|t:|1759029719
|switch|p2a: lickibum|Scream Tail|65\/100
|-damage|p2a: lickibum|53\/100|[from] Stealth Rock
|turn|27
|
|t:|1759029722
|move|p2a: lickibum|Protect|p2a: lickibum
|-singleturn|p2a: lickibum|Protect
|move|p1a: Xerneas|Draining Kiss|p2a: lickibum
|-activate|p2a: lickibum|move: Protect
|
|upkeep
|turn|28
|
|t:|1759029727
|move|p1a: Xerneas|Draining Kiss|p2a: lickibum
|-damage|p2a: lickibum|2\/100
|-damage|p1a: Xerneas|84\/100|[from] item: Rocky Helmet|[of] p2a: lickibum
|move|p2a: lickibum|Boomburst|p1a: Xerneas
|-damage|p1a: Xerneas|77\/100
|
|upkeep
|turn|29
|
|t:|1759029735
|move|p1a: Xerneas|Draining Kiss|p2a: lickibum
|-damage|p2a: lickibum|0 fnt
|-heal|p1a: Xerneas|78\/100|[from] drain|[of] p2a: lickibum
|-damage|p1a: Xerneas|61\/100|[from] item: Rocky Helmet|[of] p2a: lickibum
|faint|p2a: lickibum
|-end|p2a: lickibum|Protosynthesis|[silent]
|
|win|elementalassasin
|c|☆elementalassasin|gg
|c|☆25Days|gggg
|c| imred65|gg

</script>
</div>
<div class="battle-log battle-log-inline"><div class="inner"><div class="battle-options"></div><div class="inner message-log"><div class="chat"><small>☆elementalassasin and ☆25Days joined</small></div><div class=""><small>Format:</small> <br><strong>[Gen 9] NatDex Draft</strong></div><div class=""><small><em>Tera Type Preview:</em> Tera Types are shown at Team Preview</small></div><div class=""><small><em>Sleep Clause Mod:</em> Limit one foe put to sleep</small></div><div class=""><small><em>OHKO Clause:</em> OHKO moves are banned</small></div><div class=""><small><em>Evasion Clause:</em> Evasion abilities, items, and moves are banned</small></div><div class=""><small><em>Evasion Abilities Clause:</em> Evasion abilities are banned</small></div><div class=""><small><em>Evasion Items Clause:</em> Evasion items are banned</small></div><div class=""><small><em>Evasion Moves Clause:</em> Evasion moves are banned</small></div><div class=""><small><em>Endless Battle Clause:</em> Forcing endless battles is banned</small></div><div class=""><small><em>HP Percentage Mod:</em> HP is shown in percentages</small></div><div class="chat"><div class="infobox"><details class="readmore" open=""><summary><strong>1 custom rule:</strong></summary> Tera Type Preview</details></div></div><div class="chat">elementalassasin's Tera Types:<br><span class="picon" style="background:transparent url(https://play.pokemonshowdown.com/sprites/pokemonicons-sheet.png?v19) no-repeat scroll -320px -1770px"></span><img src="https://play.pokemonshowdown.com/sprites/types/Fairy.png" alt="Fairy" height="14" width="32" class="pixelated"> / <span class="picon" style="background:transparent url(https://play.pokemonshowdown.com/sprites/pokemonicons-sheet.png?v19) no-repeat scroll -80px -2670px"></span><img src="https://play.pokemonshowdown.com/sprites/types/Psychic.png" alt="Psychic" height="14" width="32" class="pixelated"> / <span class="picon" style="background:transparent url(https://play.pokemonshowdown.com/sprites/pokemonicons-sheet.png?v19) no-repeat scroll -240px -2730px"></span><img src="https://play.pokemonshowdown.com/sprites/types/Electric.png" alt="Electric" height="14" width="32" class="pixelated"> / <span class="picon" style="background:transparent url(https://play.pokemonshowdown.com/sprites/pokemonicons-sheet.png?v19) no-repeat scroll -280px -2490px"></span><img src="https://play.pokemonshowdown.com/sprites/types/Dark.png" alt="Dark" height="14" width="32" class="pixelated"> / <span class="picon" style="background:transparent url(https://play.pokemonshowdown.com/sprites/pokemonicons-sheet.png?v19) no-repeat scroll -400px -2460px"></span><img src="https://play.pokemonshowdown.com/sprites/types/Fire.png" alt="Fire" height="14" width="32" class="pixelated"> / <span class="picon" style="background:transparent url(https://play.pokemonshowdown.com/sprites/pokemonicons-sheet.png?v19) no-repeat scroll -440px -960px"></span><img src="https://play.pokemonshowdown.com/sprites/types/Water.png" alt="Water" height="14" width="32" class="pixelated"></div><div class="chat">25Days's Tera Types:<br><span class="picon" style="background:transparent url(https://play.pokemonshowdown.com/sprites/pokemonicons-sheet.png?v19) no-repeat scroll -120px -690px"></span><img src="https://play.pokemonshowdown.com/sprites/types/Bug.png" alt="Bug" height="14" width="32" class="pixelated"> / <span class="picon" style="background:transparent url(https://play.pokemonshowdown.com/sprites/pokemonicons-sheet.png?v19) no-repeat scroll -360px -1770px"></span><img src="https://play.pokemonshowdown.com/sprites/types/Bug.png" alt="Bug" height="14" width="32" class="pixelated"> / <span class="picon" style="background:transparent url(https://play.pokemonshowdown.com/sprites/pokemonicons-sheet.png?v19) no-repeat scroll -280px -2100px"></span><img src="https://play.pokemonshowdown.com/sprites/types/Water.png" alt="Water" height="14" width="32" class="pixelated"> / <span class="picon" style="background:transparent url(https://play.pokemonshowdown.com/sprites/pokemonicons-sheet.png?v19) no-repeat scroll -280px -2460px"></span><img src="https://play.pokemonshowdown.com/sprites/types/Bug.png" alt="Bug" height="14" width="32" class="pixelated"> / <span class="picon" style="background:transparent url(https://play.pokemonshowdown.com/sprites/pokemonicons-sheet.png?v19) no-repeat scroll -400px -2520px"></span><img src="https://play.pokemonshowdown.com/sprites/types/Steel.png" alt="Steel" height="14" width="32" class="pixelated"> / <span class="picon" style="background:transparent url(https://play.pokemonshowdown.com/sprites/pokemonicons-sheet.png?v19) no-repeat scroll -40px -2460px"></span><img src="https://play.pokemonshowdown.com/sprites/types/Bug.png" alt="Bug" height="14" width="32" class="pixelated"></div><div class="chat battle-history"><strong>elementalassasin's team:</strong> <em style="color:#445566;display:block;">Xerneas-Neutral / Deoxys-Attack / Tornadus-Therian / Ting-Lu / Iron Moth / Empoleon</em></div><div class="chat battle-history"><strong>25Days's team:</strong> <em style="color:#445566;display:block;">Pelipper / Yveltal / Barraskewda / Iron Bundle / Archaludon / Scream Tail</em></div><div class="chat"><small> ChillerFrost joined</small></div><div class="chat chatmessage-25days"><strong style="color:#bc4b7c"><small class="groupsymbol">☆</small><span class="username">25Days</span>:</strong> <em>gl</em></div><div class="chat"><small> Crown Oji and  serendipidu joined</small></div><div class="chat chatmessage-elementalassasin"><strong style="color:#9b7e41"><small class="groupsymbol">☆</small><span class="username">elementalassasin</span>:</strong> <em>gl</em></div><div class="chat chatmessage-elementalassasin"><strong style="color:#9b7e41"><small class="groupsymbol">☆</small><span class="username">elementalassasin</span>:</strong> <em>hf</em></div><div class="chat chatmessage-elementalassasin"><strong style="color:#9b7e41"><small class="groupsymbol">☆</small><span class="username">elementalassasin</span>:</strong> <em>did you say you wanna timer</em></div><div class="chat chatmessage-25days"><strong style="color:#bc4b7c"><small class="groupsymbol">☆</small><span class="username">25Days</span>:</strong> <em>only if you do i dont mind</em></div><div class="spacer battle-history"><br></div><div class="battle-history">Battle started between elementalassasin and 25Days!<br></div><div class="spacer battle-history"><br></div><div class="battle-history">Go! <strong>Iron Moth</strong>!<br></div><div class="spacer battle-history"><br></div><div class="battle-history">25Days sent out mhmmmm (<strong>Pelipper</strong>)!<br></div><div class="battle-history">[The opposing mhmmmm's Drizzle]<br><small>It started to rain!</small><br></div><div class="spacer battle-history"><br></div><h2 class="battle-history">Turn 1</h2><div class="chat chatmessage-elementalassasin"><strong style="color:#9b7e41"><small class="groupsymbol">☆</small><span class="username">elementalassasin</span>:</strong> <em>up2u</em></div><div class="chat"><small> phantom0rion joined</small></div><div class="chat chatmessage-chillerfrost"><strong style="color:#2aaa9b"><small class="groupsymbol"> </small><span class="username">ChillerFrost</span>:</strong> <em>make sure to server time</em></div><div class="chat chatmessage-elementalassasin"><strong style="color:#9b7e41"><small class="groupsymbol">☆</small><span class="username">elementalassasin</span>:</strong> <em>!servertime</em></div><div class="chat"><div class="infobox">Server time: <b>9/28/2025, 3:03:06 AM</b></div></div><div class="chat chatmessage-elementalassasin"><strong style="color:#9b7e41"><small class="groupsymbol">☆</small><span class="username">elementalassasin</span>:</strong> <em>bad vibes from dnd</em></div><div class="chat chatmessage-elementalassasin"><strong style="color:#9b7e41"><small class="groupsymbol">☆</small><span class="username">elementalassasin</span>:</strong> <em>or good</em></div><div class="spacer battle-history"><br></div><div class="battle-history">Iron Moth used <strong>Discharge</strong>!<br></div><div class="battle-history"><small>It's super effective!</small><br></div><div class="battle-history"><small>(The opposing mhmmmm lost 100% of its health!)</small><br></div><div class="spacer battle-history"><br></div><div class="battle-history">The opposing mhmmmm fainted!<br></div><div class="spacer battle-history"><br></div><div class="battle-history"><small>(Rain continues to fall.)</small><br></div><div class="chat chatmessage-chillerfrost"><strong style="color:#2aaa9b"><small class="groupsymbol"> </small><span class="username">ChillerFrost</span>:</strong> <em>eh vibes</em></div><div class="spacer battle-history"><br></div><div class="battle-history">25Days sent out 60ftfromaschool (<strong>Barraskewda</strong>)!<br></div><div class="spacer battle-history"><br></div><h2 class="battle-history">Turn 2</h2><div class="chat chatmessage-chillerfrost"><strong style="color:#2aaa9b"><small class="groupsymbol"> </small><span class="username">ChillerFrost</span>:</strong> <em>almost died but didnt</em></div><div class="spacer battle-history"><br></div><div class="battle-history"><small>The opposing 60ftfromaschool has Terastallized into the Water-type!</small><br></div><div class="spacer battle-history"><br></div><div class="battle-history">The opposing 60ftfromaschool used <strong>Liquidation</strong>!<br></div><div class="battle-history"><small>It's super effective!</small><br></div><div class="battle-history"><small>Iron Moth hung on using its Focus Sash!</small><br></div><div class="battle-history"><small>(Iron Moth lost 99% of its health!)</small><br></div><div class="spacer battle-history"><br></div><div class="battle-history">Iron Moth used <strong>Sunny Day</strong>!<br></div><div class="battle-history"><small>The sunlight turned harsh!</small><br></div><div class="spacer battle-history"><br></div><div class="battle-history"><small>(The sunlight is strong.)</small><br></div><div class="spacer battle-history"><br></div><h2 class="battle-history">Turn 3</h2><div class="chat chatmessage-25days"><strong style="color:#bc4b7c"><small class="groupsymbol">☆</small><span class="username">25Days</span>:</strong> <em>good vibes</em></div><div class="spacer battle-history"><br></div><div class="battle-history">The opposing 60ftfromaschool used <strong>Liquidation</strong>!<br></div><div class="battle-history"><small>It's super effective!</small><br></div><div class="battle-history"><small>(Iron Moth lost 1% of its health!)</small><br></div><div class="spacer battle-history"><br></div><div class="battle-history">Iron Moth fainted!<br></div><div class="spacer battle-history"><br></div><div class="battle-history"><small>(The sunlight is strong.)</small><br></div><div class="chat"><small> Conundromic joined</small></div><div class="spacer battle-history"><br></div><div class="battle-history">Go! Tornadus (<strong>Tornadus-Therian</strong>)!<br></div><div class="spacer battle-history"><br></div><h2 class="battle-history">Turn 4</h2><div class="spacer battle-history"><br></div><div class="battle-history">25Days withdrew 60ftfromaschool!<br></div><div class="battle-history">25Days sent out saddle up (<strong>Archaludon</strong>)!<br></div><div class="spacer battle-history"><br></div><div class="battle-history"><small>Tornadus has Terastallized into the Electric-type!</small><br></div><div class="spacer battle-history"><br></div><div class="battle-history">Tornadus used <strong>Tera Blast</strong>!<br></div><div class="battle-history"><small>It's not very effective...</small><br></div><div class="battle-history"><small>(The opposing saddle up lost 9% of its health!)</small><br></div><div class="battle-history">[The opposing saddle up's Stamina]<br></div><div class="battle-history"><small>The opposing saddle up's Defense rose!</small><br></div><div class="battle-history"><small>(Tornadus used its Mirror Herb!)</small><br></div><div class="battle-history"><small>The Mirror Herb raised Tornadus's Defense!</small><br></div><div class="spacer battle-history"><br></div><div class="battle-history"><small>(The sunlight is strong.)</small><br></div><div class="spacer battle-history"><br></div><h2 class="battle-history">Turn 5</h2><div class="chat"><small> tomkeap joined</small></div><div class="spacer battle-history"><br></div><div class="battle-history">Tornadus used <strong>Focus Blast</strong>!<br></div><div class="battle-history"><small>The opposing saddle up avoided the attack!</small><br></div><div class="spacer battle-history"><br></div><div class="battle-history">The opposing saddle up used <strong>Flash Cannon</strong>!<br></div><div class="battle-history"><small>It's not very effective...</small><br></div><div class="battle-history"><small>(Tornadus lost 18% of its health!)</small><br></div><div class="spacer battle-history"><br></div><div class="battle-history"><small>(The sunlight is strong.)</small><br></div><div class="spacer battle-history"><br></div><h2 class="battle-history">Turn 6</h2><div class="spacer battle-history"><br></div><div class="battle-history">Tornadus used <strong>Focus Blast</strong>!<br></div><div class="battle-history"><small>It's super effective!</small><br></div><div class="battle-history"><small>(The opposing saddle up lost 37% of its health!)</small><br></div><div class="battle-history">[The opposing saddle up's Stamina]<br></div><div class="battle-history"><small>The opposing saddle up's Defense rose!</small><br></div><div class="spacer battle-history"><br></div><div class="battle-history">The opposing saddle up used <strong>Mirror Coat</strong>!<br></div><div class="battle-history"><small>(Tornadus lost 78% of its health!)</small><br></div><div class="spacer battle-history"><br></div><div class="battle-history"><small>The harsh sunlight faded.</small><br></div><div class="spacer battle-history"><br></div><h2 class="battle-history">Turn 7</h2><div class="spacer battle-history"><br></div><div class="battle-history">Tornadus, come back!<br></div><div class="battle-history">Go! <strong>Ting-Lu</strong>!<br></div><div class="battle-history">[Ting-Lu's Vessel of Ruin]<br><small>Ting-Lu's Vessel of Ruin weakened the Sp. Atk of all surrounding Pokémon!</small><br></div><div class="spacer battle-history"><br></div><div class="battle-history">The opposing saddle up used <strong>Flash Cannon</strong>!<br></div><div class="battle-history"><small>(Ting-Lu lost 12% of its health!)</small><br></div><div class="spacer battle-history"><br></div><div class="battle-history"><small>Ting-Lu restored a little HP using its Leftovers!</small><br></div><div class="spacer battle-history"><br></div><h2 class="battle-history">Turn 8</h2><div class="spacer battle-history"><br></div><div class="battle-history">25Days withdrew saddle up!<br></div><div class="battle-history">25Days sent out Hi (<strong>Iron Bundle</strong>)!<br></div><div class="spacer battle-history"><br></div><div class="battle-history">Ting-Lu used <strong>Stealth Rock</strong>!<br></div><div class="battle-history"><small>Pointed stones float in the air around the opposing team!</small><br></div><div class="spacer battle-history"><br></div><div class="battle-history"><small>Ting-Lu restored a little HP using its Leftovers!</small><br></div><div class="spacer battle-history"><br></div><h2 class="battle-history">Turn 9</h2><div class="spacer battle-history"><br></div><div class="battle-history">Ting-Lu, come back!<br></div><div class="battle-history">Go! <strong>Empoleon</strong>!<br></div><div class="spacer battle-history"><br></div><div class="battle-history">The opposing Hi used <strong>Freeze-Dry</strong>!<br></div><div class="battle-history"><small>A critical hit!</small><br></div><div class="battle-history"><small>(Empoleon lost 69% of its health!)</small><br></div><div class="spacer battle-history"><br></div><h2 class="battle-history">Turn 10</h2><div class="spacer battle-history"><br></div><div class="battle-history">Empoleon used <strong>Endure</strong>!<br></div><div class="battle-history"><small>Empoleon braced itself!</small><br></div><div class="spacer battle-history"><br></div><div class="battle-history">The opposing Hi used <strong>Freeze-Dry</strong>!<br></div><div class="battle-history"><small>Empoleon endured the hit!</small><br></div><div class="battle-history"><small>(Empoleon lost 30% of its health!)</small><br></div><div class="spacer battle-history"><br></div><h2 class="battle-history">Turn 11</h2><div class="spacer battle-history"><br></div><div class="battle-history"><small>(Empoleon ate its Custap Berry!)</small><br></div><div class="battle-history"><small>Empoleon can act faster than normal, thanks to its Custap Berry!</small><br></div><div class="spacer battle-history"><br></div><div class="battle-history">Empoleon used <strong>Steel Beam</strong>!<br></div><div class="battle-history"><small>(The opposing Hi lost 100% of its health!)</small><br></div><div class="battle-history"><small>(Empoleon cut its own HP to power up its move!)</small><br></div><div class="spacer battle-history"><br></div><div class="battle-history">Empoleon fainted!<br></div><div class="battle-history">The opposing Hi fainted!<br></div><div class="spacer battle-history"><br></div><div class="battle-history">25Days sent out 60ftfromaschool (<strong>Barraskewda</strong>)!<br></div><div class="spacer battle-history"><br></div><div class="battle-history">Go! Deoxys (<strong>Deoxys-Attack</strong>)!<br></div><div class="battle-history">[Deoxys's Pressure]<br><small>Deoxys is exerting its pressure!</small><br></div><div class="battle-history"><small>Pointed stones dug into the opposing 60ftfromaschool!</small><br></div><div class="spacer battle-history"><br></div><h2 class="battle-history">Turn 12</h2><div class="spacer battle-history"><br></div><div class="battle-history">Deoxys, come back!<br></div><div class="battle-history">Go! Tornadus (<strong>Tornadus-Therian</strong>)!<br></div><div class="spacer battle-history"><br></div><div class="battle-history">25Days withdrew 60ftfromaschool!<br></div><div class="battle-history">25Days sent out lickibum (<strong>Scream Tail</strong>)!<br></div><div class="battle-history"><small>Pointed stones dug into the opposing lickibum!</small><br></div><div class="spacer battle-history"><br></div><h2 class="battle-history">Turn 13</h2><div class="spacer battle-history"><br></div><div class="battle-history">Tornadus, come back!<br></div><div class="battle-history">Go! Deoxys (<strong>Deoxys-Attack</strong>)!<br></div><div class="battle-history">[Deoxys's Pressure]<br><small>Deoxys is exerting its pressure!</small><br></div><div class="spacer battle-history"><br></div><div class="battle-history">The opposing lickibum used <strong>Wish</strong>!<br></div><div class="spacer battle-history"><br></div><h2 class="battle-history">Turn 14</h2><div class="spacer battle-history"><br></div><div class="battle-history">Deoxys used <strong>Reflect</strong>!<br></div><div class="battle-history"><small>Reflect made your team stronger against physical moves!</small><br></div><div class="spacer battle-history"><br></div><div class="battle-history">The opposing lickibum used <strong>Boomburst</strong>!<br></div><div class="battle-history"><small>(Deoxys lost 73% of its health!)</small><br></div><div class="spacer battle-history"><br></div><div class="battle-history"><small>lickibum's wish came true!</small><br></div><div class="spacer battle-history"><br></div><h2 class="battle-history">Turn 15</h2><div class="spacer battle-history"><br></div><div class="battle-history">Deoxys used <strong>Light Screen</strong>!<br></div><div class="battle-history"><small>Light Screen made your team stronger against special moves!</small><br></div><div class="spacer battle-history"><br></div><div class="battle-history">The opposing lickibum used <strong>Wish</strong>!<br></div><div class="spacer battle-history"><br></div><h2 class="battle-history">Turn 16</h2><div class="spacer battle-history"><br></div><div class="battle-history">Deoxys, come back!<br></div><div class="battle-history">Go! <strong>Ting-Lu</strong>!<br></div><div class="battle-history">[Ting-Lu's Vessel of Ruin]<br><small>Ting-Lu's Vessel of Ruin weakened the Sp. Atk of all surrounding Pokémon!</small><br></div><div class="spacer battle-history"><br></div><div class="battle-history">The opposing lickibum used <strong>Baton Pass</strong>!<br></div><div class="spacer battle-history"><br></div><div class="battle-history">25Days sent out 60ftfromaschool (<strong>Barraskewda</strong>)!<br></div><div class="battle-history"><small>Pointed stones dug into the opposing 60ftfromaschool!</small><br></div><div class="spacer battle-history"><br></div><div class="battle-history"><small>lickibum's wish came true!</small><br></div><div class="battle-history"><small>Ting-Lu restored a little HP using its Leftovers!</small><br></div><div class="spacer battle-history"><br></div><h2 class="battle-history">Turn 17</h2><div class="spacer battle-history"><br></div><div class="battle-history">The opposing 60ftfromaschool used <strong>Liquidation</strong>!<br></div><div class="battle-history"><small>It's super effective!</small><br></div><div class="battle-history"><small>(Ting-Lu lost 53% of its health!)</small><br></div><div class="spacer battle-history"><br></div><div class="battle-history">Ting-Lu used <strong>Earthquake</strong>!<br></div><div class="battle-history"><small>(The opposing 60ftfromaschool lost 63% of its health!)</small><br></div><div class="spacer battle-history"><br></div><div class="battle-history"><small>Ting-Lu restored a little HP using its Leftovers!</small><br></div><div class="spacer battle-history"><br></div><h2 class="battle-history">Turn 18</h2><div class="spacer battle-history"><br></div><div class="battle-history">The opposing 60ftfromaschool used <strong>Liquidation</strong>!<br></div><div class="battle-history"><small>It's super effective!</small><br></div><div class="battle-history"><small>(Ting-Lu lost 51% of its health!)</small><br></div><div class="spacer battle-history"><br></div><div class="battle-history">Ting-Lu used <strong>Earthquake</strong>!<br></div><div class="battle-history"><small>(The opposing 60ftfromaschool lost 37% of its health!)</small><br></div><div class="spacer battle-history"><br></div><div class="battle-history">The opposing 60ftfromaschool fainted!<br></div><div class="spacer battle-history"><br></div><div class="battle-history"><small>Ting-Lu restored a little HP using its Leftovers!</small><br></div><div class="spacer battle-history"><br></div><div class="battle-history">25Days sent out toe tickler (<strong>Yveltal</strong>)!<br></div><div class="battle-history"><small>Pointed stones dug into the opposing toe tickler!</small><br></div><div class="battle-history">[The opposing toe tickler's Dark Aura]<br><small>The opposing toe tickler is radiating a dark aura!</small><br></div><div class="spacer battle-history"><br></div><h2 class="battle-history">Turn 19</h2><div class="chat"><small> serendipidu left</small></div><div class="spacer battle-history"><br></div><div class="battle-history">The opposing toe tickler used <strong>Oblivion Wing</strong>!<br></div><div class="battle-history"><small>(Ting-Lu lost 9% of its health!)</small><br></div><div class="battle-history"><small>Ting-Lu had its energy drained!</small><br></div><div class="spacer battle-history"><br></div><div class="battle-history">Ting-Lu fainted!<br></div><div class="battle-history"><small>The opposing toe tickler lost some of its HP!</small><br></div><div class="spacer battle-history"><br></div><div class="battle-history">Go! <strong>Xerneas</strong>!<br></div><div class="battle-history">[Xerneas's Fairy Aura]<br><small>Xerneas is radiating a fairy aura!</small><br></div><div class="spacer battle-history"><br></div><h2 class="battle-history">Turn 20</h2><div class="spacer battle-history"><br></div><div class="battle-history">25Days withdrew toe tickler!<br></div><div class="battle-history">25Days sent out lickibum (<strong>Scream Tail</strong>)!<br></div><div class="battle-history"><small>Pointed stones dug into the opposing lickibum!</small><br></div><div class="spacer battle-history"><br></div><div class="battle-history">Xerneas used <strong>Calm Mind</strong>!<br></div><div class="battle-history"><small>Xerneas's Sp. Atk rose!</small><br></div><div class="battle-history"><small>Xerneas's Sp. Def rose!</small><br></div><div class="spacer battle-history"><br></div><h2 class="battle-history">Turn 21</h2><div class="spacer battle-history"><br></div><div class="battle-history">Xerneas used <strong>Draining Kiss</strong>!<br></div><div class="battle-history"><small>(The opposing lickibum lost 23% of its health!)</small><br></div><div class="battle-history"><small>Xerneas was hurt by the Rocky Helmet!</small><br></div><div class="spacer battle-history"><br></div><div class="battle-history">The opposing lickibum used <strong>Wish</strong>!<br></div><div class="spacer battle-history"><br></div><div class="battle-history"><small>Your team's Reflect wore off!</small><br></div><div class="spacer battle-history"><br></div><h2 class="battle-history">Turn 22</h2><div class="spacer battle-history"><br></div><div class="battle-history">Xerneas used <strong>Calm Mind</strong>!<br></div><div class="battle-history"><small>Xerneas's Sp. Atk rose!</small><br></div><div class="battle-history"><small>Xerneas's Sp. Def rose!</small><br></div><div class="spacer battle-history"><br></div><div class="battle-history">The opposing lickibum used <strong>Baton Pass</strong>!<br></div><div class="spacer battle-history"><br></div><div class="battle-history">25Days sent out saddle up (<strong>Archaludon</strong>)!<br></div><div class="battle-history"><small>Pointed stones dug into the opposing saddle up!</small><br></div><div class="spacer battle-history"><br></div><div class="battle-history"><small>lickibum's wish came true!</small><br></div><div class="battle-history"><small>Your team's Light Screen wore off!</small><br></div><div class="spacer battle-history"><br></div><h2 class="battle-history">Turn 23</h2><div class="chat"><small> serendipidu and  imred65 joined</small></div><div class="spacer battle-history"><br></div><div class="battle-history">Xerneas used <strong>Calm Mind</strong>!<br></div><div class="battle-history"><small>Xerneas's Sp. Atk rose!</small><br></div><div class="battle-history"><small>Xerneas's Sp. Def rose!</small><br></div><div class="spacer battle-history"><br></div><div class="battle-history">The opposing saddle up used <strong>Flash Cannon</strong>!<br></div><div class="battle-history"><small>It's super effective!</small><br></div><div class="battle-history"><small>(Xerneas lost 22% of its health!)</small><br></div><div class="spacer battle-history"><br></div><h2 class="battle-history">Turn 24</h2><div class="spacer battle-history"><br></div><div class="battle-history">Xerneas used <strong>Calm Mind</strong>!<br></div><div class="battle-history"><small>Xerneas's Sp. Atk rose!</small><br></div><div class="battle-history"><small>Xerneas's Sp. Def rose!</small><br></div><div class="spacer battle-history"><br></div><div class="battle-history">The opposing saddle up used <strong>Mirror Coat</strong>!<br></div><div class="battle-history"><small>But it failed!</small><br></div><div class="spacer battle-history"><br></div><h2 class="battle-history">Turn 25</h2><div class="spacer battle-history"><br></div><div class="battle-history">Xerneas used <strong>Focus Blast</strong>!<br></div><div class="battle-history"><small>It's super effective!</small><br></div><div class="battle-history"><small>(The opposing saddle up lost 100% of its health!)</small><br></div><div class="spacer battle-history"><br></div><div class="battle-history">The opposing saddle up fainted!<br></div><div class="spacer battle-history"><br></div><div class="battle-history">25Days sent out toe tickler (<strong>Yveltal</strong>)!<br></div><div class="battle-history"><small>Pointed stones dug into the opposing toe tickler!</small><br></div><div class="battle-history">[The opposing toe tickler's Dark Aura]<br><small>The opposing toe tickler is radiating a dark aura!</small><br></div><div class="spacer battle-history"><br></div><h2 class="battle-history">Turn 26</h2><div class="spacer battle-history"><br></div><div class="battle-history">Xerneas used <strong>Draining Kiss</strong>!<br></div><div class="battle-history"><small>It's super effective!</small><br></div><div class="battle-history"><small>(The opposing toe tickler lost 48% of its health!)</small><br></div><div class="battle-history"><small>The opposing toe tickler had its energy drained!</small><br></div><div class="spacer battle-history"><br></div><div class="battle-history">The opposing toe tickler fainted!<br></div><div class="spacer battle-history"><br></div><div class="battle-history">25Days sent out lickibum (<strong>Scream Tail</strong>)!<br></div><div class="battle-history"><small>Pointed stones dug into the opposing lickibum!</small><br></div><div class="spacer battle-history"><br></div><h2 class="battle-history">Turn 27</h2><div class="spacer battle-history"><br></div><div class="battle-history">The opposing lickibum used <strong>Protect</strong>!<br></div><div class="battle-history"><small>The opposing lickibum protected itself!</small><br></div><div class="spacer battle-history"><br></div><div class="battle-history">Xerneas used <strong>Draining Kiss</strong>!<br></div><div class="battle-history"><small>The opposing lickibum protected itself!</small><br></div><div class="spacer battle-history"><br></div><h2 class="battle-history">Turn 28</h2><div class="spacer battle-history"><br></div><div class="battle-history">Xerneas used <strong>Draining Kiss</strong>!<br></div><div class="battle-history"><small>(The opposing lickibum lost 51% of its health!)</small><br></div><div class="battle-history"><small>Xerneas was hurt by the Rocky Helmet!</small><br></div><div class="spacer battle-history"><br></div><div class="battle-history">The opposing lickibum used <strong>Boomburst</strong>!<br></div><div class="battle-history"><small>(Xerneas lost 7% of its health!)</small><br></div><div class="spacer battle-history"><br></div><h2 class="battle-history">Turn 29</h2><div class="spacer battle-history"><br></div><div class="battle-history">Xerneas used <strong>Draining Kiss</strong>!<br></div><div class="battle-history"><small>(The opposing lickibum lost 2% of its health!)</small><br></div><div class="battle-history"><small>The opposing lickibum had its energy drained!</small><br></div><div class="battle-history"><small>Xerneas was hurt by the Rocky Helmet!</small><br></div><div class="spacer battle-history"><br></div><div class="battle-history">The opposing lickibum fainted!<br></div><div class="spacer battle-history"><br></div><div class="battle-history"><strong>elementalassasin</strong> won the battle!<br></div><div class="chat chatmessage-elementalassasin"><strong style="color:#9b7e41"><small class="groupsymbol">☆</small><span class="username">elementalassasin</span>:</strong> <em>gg</em></div><div class="chat chatmessage-25days"><strong style="color:#bc4b7c"><small class="groupsymbol">☆</small><span class="username">25Days</span>:</strong> <em>gggg</em></div><div class="chat chatmessage-imred65"><strong style="color:#887b16"><small class="groupsymbol"> </small><span class="username">imred65</span>:</strong> <em>gg</em></div></div><div class="inner-preempt message-log"></div></div></div>
</div>
<script>
let daily = Math.floor(Date.now()/1000/60/60/24);document.write('<script src="https://play.pokemonshowdown.com/js/replay-embed.js?version'+daily+'"></'+'script>');
</script>
