<!DOCTYPE html>
<meta charset="utf-8" />
<!-- version 1 -->
<title>[Gen 9] NatDex Draft replay: Contranaut vs. Selystia</title>
<style>
html,body {font-family:Verdana, sans-serif;font-size:10pt;margin:0;padding:0;}body{padding:12px 0;} .battle-log {font-family:Verdana, sans-serif;font-size:10pt;} .battle-log-inline {border:1px solid #AAAAAA;background:#EEF2F5;color:black;max-width:640px;margin:0 auto 80px;padding-bottom:5px;} .battle-log .inner {padding:4px 8px 0px 8px;} .battle-log .inner-preempt {padding:0 8px 4px 8px;} .battle-log .inner-after {margin-top:0.5em;} .battle-log h2 {margin:0.5em -8px;padding:4px 8px;border:1px solid #AAAAAA;background:#E0E7EA;border-left:0;border-right:0;font-family:Verdana, sans-serif;font-size:13pt;} .battle-log .chat {vertical-align:middle;padding:3px 0 3px 0;font-size:8pt;} .battle-log .chat strong {color:#40576A;} .battle-log .chat em {padding:1px 4px 1px 3px;color:#000000;font-style:normal;} .chat.mine {background:rgba(0,0,0,0.05);margin-left:-8px;margin-right:-8px;padding-left:8px;padding-right:8px;} .spoiler {color:#BBBBBB;background:#BBBBBB;padding:0px 3px;} .spoiler:hover, .spoiler:active, .spoiler-shown {color:#000000;background:#E2E2E2;padding:0px 3px;} .spoiler a {color:#BBBBBB;} .spoiler:hover a, .spoiler:active a, .spoiler-shown a {color:#2288CC;} .chat code, .chat .spoiler:hover code, .chat .spoiler:active code, .chat .spoiler-shown code {border:1px solid #C0C0C0;background:#EEEEEE;color:black;padding:0 2px;} .chat .spoiler code {border:1px solid #CCCCCC;background:#CCCCCC;color:#CCCCCC;} .battle-log .rated {padding:3px 4px;} .battle-log .rated strong {color:white;background:#89A;padding:1px 4px;border-radius:4px;} .spacer {margin-top:0.5em;} .message-announce {background:#6688AA;color:white;padding:1px 4px 2px;} .message-announce a, .broadcast-green a, .broadcast-blue a, .broadcast-red a {color:#DDEEFF;} .broadcast-green {background-color:#559955;color:white;padding:2px 4px;} .broadcast-blue {background-color:#6688AA;color:white;padding:2px 4px;} .infobox {border:1px solid #6688AA;padding:2px 4px;} .infobox-limited {max-height:200px;overflow:auto;overflow-x:hidden;} .broadcast-red {background-color:#AA5544;color:white;padding:2px 4px;} .message-learn-canlearn {font-weight:bold;color:#228822;text-decoration:underline;} .message-learn-cannotlearn {font-weight:bold;color:#CC2222;text-decoration:underline;} .message-effect-weak {font-weight:bold;color:#CC2222;} .message-effect-resist {font-weight:bold;color:#6688AA;} .message-effect-immune {font-weight:bold;color:#666666;} .message-learn-list {margin-top:0;margin-bottom:0;} .message-throttle-notice, .message-error {color:#992222;} .message-overflow, .chat small.message-overflow {font-size:0pt;} .message-overflow::before {font-size:9pt;content:'...';} .subtle {color:#3A4A66;}
</style>
<div class="wrapper replay-wrapper" style="max-width:1180px;margin:0 auto">
<input type="hidden" name="replayid" value="gen9natdexdraft-2148724208" />
<div class="battle"></div><div class="battle-log"></div><div class="replay-controls"></div><div class="replay-controls-2"></div>
<h1 style="font-weight:normal;text-align:center"><strong>[Gen 9] NatDex Draft</strong><br /><a href="http://pokemonshowdown.com/users/contranaut" class="subtle" target="_blank">Contranaut</a> vs. <a href="http://pokemonshowdown.com/users/selystia" class="subtle" target="_blank">Selystia</a></h1>
<script type="text/plain" class="battle-log-data">
|j|☆Contranaut
|j|☆Selystia
|t:|1719170168
|gametype|singles
|player|p1|Contranaut|266|
|player|p2|Selystia|dawn|
|teamsize|p1|6
|teamsize|p2|6
|gen|9
|tier|[Gen 9] NatDex Draft
|rule|Sleep Clause Mod: Limit one foe put to sleep
|rule|OHKO Clause: OHKO moves are banned
|rule|Evasion Clause: Evasion abilities, items, and moves are banned
|rule|Evasion Abilities Clause: Evasion abilities are banned
|rule|Evasion Items Clause: Evasion items are banned
|rule|Evasion Moves Clause: Evasion moves are banned
|rule|Endless Battle Clause: Forcing endless battles is banned
|rule|HP Percentage Mod: HP is shown in percentages
|clearpoke
|poke|p1|Charizard, F|
|poke|p1|Crocalor, F|
|poke|p1|Great Tusk|
|poke|p1|Weezing-Galar, F|
|poke|p1|Meowscarada, F|
|poke|p1|Raikou|
|poke|p2|Lopunny, F|
|poke|p2|Ting-Lu|
|poke|p2|Polteageist|
|poke|p2|Celesteela|
|poke|p2|Hatterene, F|
|poke|p2|Iron Moth|
|teampreview
|j| DoctaShockFan
|j| DoctaShock
|j| tomkeap
|c|☆Selystia|ohh its specd right
|
|t:|1719170303
|start
|switch|p1a: Meowscarada|Meowscarada, F|100\/100
|switch|p2a: bastiodon hisui|Iron Moth|100\/100
|turn|1
|
|t:|1719170341
|move|p1a: Meowscarada|Knock Off|p2a: bastiodon hisui
|-start|p1a: Meowscarada|typechange|Dark|[from] ability: Protean
|-damage|p2a: bastiodon hisui|25\/100
|-enditem|p2a: bastiodon hisui|Choice Scarf|[from] move: Knock Off|[of] p1a: Meowscarada
|move|p2a: bastiodon hisui|Overheat|p1a: Meowscarada|[miss]
|-miss|p2a: bastiodon hisui|p1a: Meowscarada
|
|upkeep
|turn|2
|c|☆Contranaut|sorry
|c|☆Selystia|NO
|c|☆Selystia|guys im lagging
|c|☆Selystia|gotta redo
|c|☆Contranaut|I'll take ffW
|c|☆Contranaut|then play for fun
|c|☆Contranaut|:]
|j| mukmuk1
|j| foodss
|c| mukmuk1|bastiondon hisuu nooo
|j| Crown Oji
|j| DyegoFra
|l| mukmuk1
|j| Bunnnies
|inactive|Battle timer is ON: inactive players will automatically lose when time's up. (requested by Contranaut)
|j| mukmuk1
|c| DyegoFra|who is a better pokemon regular charizard or crocalor
|l| mukmuk1
|c| DoctaShock|blastoise
|c|☆Selystia|guys that was
|c|☆Selystia|quite unlucky
|j| Kaui
|c|☆Selystia|i planned for a lil bit of a sequence at the start
|inactive|Selystia has 270 seconds left.
|c| Kaui|got somewhere to be ben? lmao
|c|☆Selystia|this was not in it
|c| Kaui|we got fucked turn 1 and are discussing our options and you timer us so toxic
|c|☆Contranaut|I waited like 90s to turn on timer
|inactive|Selystia has 240 seconds left.
|c| Kaui|who cares
|inactive|Selystia has 210 seconds left.
|
|t:|1719170573
|-end|p2a: bastiodon hisui|Quark Drive|[silent]
|switch|p2a: bastiodon mega|Lopunny, F|100\/100
|move|p1a: Meowscarada|Knock Off|p2a: bastiodon mega
|-damage|p2a: bastiodon mega|59\/100
|
|upkeep
|turn|3
|inactive|Selystia has 270 seconds left.
|
|t:|1719170583
|switch|p1a: Weezing|Weezing-Galar, F|100\/100
|switch|p2a: bastiodon hisui|Iron Moth|25\/100
|
|upkeep
|turn|4
|
|t:|1719170594
|switch|p1a: Crocalor|Crocalor, F|100\/100
|move|p2a: bastiodon hisui|Overheat|p1a: Crocalor
|-resisted|p1a: Crocalor
|-damage|p1a: Crocalor|74\/100
|-unboost|p2a: bastiodon hisui|spa|2
|
|upkeep
|turn|5
|inactive|Selystia has 270 seconds left.
|
|t:|1719170624
|-end|p2a: bastiodon hisui|Quark Drive|[silent]
|switch|p2a: bastiodon galar|Ting-Lu|100\/100
|-ability|p2a: bastiodon galar|Vessel of Ruin
|move|p1a: Crocalor|Slack Off|p1a: Crocalor
|-heal|p1a: Crocalor|100\/100
|
|upkeep
|turn|6
|inactive|Selystia has 240 seconds left.
|c| DyegoFra|these are good names
|
|t:|1719170678
|switch|p1a: Charizard|Charizard, F|100\/100
|move|p2a: bastiodon galar|Stealth Rock|p1a: Charizard
|-sidestart|p1: Contranaut|move: Stealth Rock
|
|upkeep
|turn|7
|inactive|Selystia has 210 seconds left.
|inactive|Contranaut has 270 seconds left.
|
|t:|1719170732
|detailschange|p1a: Charizard|Charizard-Mega-Y, F
|-mega|p1a: Charizard|Charizard|Charizardite Y
|-weather|SunnyDay|[from] ability: Drought|[of] p1a: Charizard
|move|p1a: Charizard|Solar Beam||[still]
|-prepare|p1a: Charizard|Solar Beam
|-anim|p1a: Charizard|Solar Beam|p2a: bastiodon galar
|-supereffective|p2a: bastiodon galar
|-damage|p2a: bastiodon galar|54\/100
|move|p2a: bastiodon galar|Rock Slide|p1a: Charizard
|-supereffective|p1a: Charizard
|-damage|p1a: Charizard|0 fnt
|faint|p1a: Charizard
|
|-weather|SunnyDay|[upkeep]
|-heal|p2a: bastiodon galar|60\/100|[from] item: Leftovers
|upkeep
|inactive|Contranaut has 240 seconds left.
|
|t:|1719170776
|switch|p1a: Meowscarada|Meowscarada, F|100\/100
|-damage|p1a: Meowscarada|88\/100|[from] Stealth Rock
|turn|8
|inactive|Selystia has 180 seconds left.
|
|t:|1719170799
|switch|p2a: bastiodon hisui|Iron Moth|25\/100
|move|p1a: Meowscarada|Triple Axel|p2a: bastiodon hisui
|-start|p1a: Meowscarada|typechange|Ice|[from] ability: Protean
|-resisted|p2a: bastiodon hisui
|-damage|p2a: bastiodon hisui|18\/100
|-resisted|p2a: bastiodon hisui
|-damage|p2a: bastiodon hisui|4\/100
|-resisted|p2a: bastiodon hisui
|-damage|p2a: bastiodon hisui|0 fnt
|faint|p2a: bastiodon hisui
|-end|p2a: bastiodon hisui|Quark Drive|[silent]
|-hitcount|p2: bastiodon hisui|3
|
|-weather|SunnyDay|[upkeep]
|upkeep
|inactive|Selystia has 180 seconds left.
|
|t:|1719170822
|switch|p2a: bastiodon mega|Lopunny, F|59\/100
|turn|9
|
|t:|1719170840
|switch|p1a: Weezing|Weezing-Galar, F|100\/100
|-damage|p1a: Weezing|88\/100|[from] Stealth Rock
|detailschange|p2a: bastiodon mega|Lopunny-Mega, F
|-mega|p2a: bastiodon mega|Lopunny|Lopunnite
|move|p2a: bastiodon mega|Fake Out|p1a: Weezing
|-damage|p1a: Weezing|74\/100
|-damage|p2a: bastiodon mega|43\/100|[from] item: Rocky Helmet|[of] p1a: Weezing
|
|-weather|SunnyDay|[upkeep]
|upkeep
|turn|10
|
|t:|1719170853
|switch|p2a: bastriodon ex|Celesteela|100\/100
|move|p1a: Weezing|Defog|p2a: bastriodon ex
|-unboost|p2a: bastriodon ex|evasion|1
|-sideend|p1: Contranaut|Stealth Rock|[from] move: Defog|[of] p1a: Weezing
|
|-weather|SunnyDay|[upkeep]
|upkeep
|turn|11
|inactive|Contranaut has 240 seconds left.
|inactive|Selystia has 150 seconds left.
|
|t:|1719170896
|move|p2a: bastriodon ex|Autotomize|p2a: bastriodon ex
|-boost|p2a: bastriodon ex|spe|2
|-start|p2a: bastriodon ex|Autotomize
|move|p1a: Weezing|Thunderbolt|p2a: bastriodon ex
|-supereffective|p2a: bastriodon ex
|-damage|p2a: bastriodon ex|65\/100
|
|-weather|none
|upkeep
|turn|12
|j| mukmuk1
|l| mukmuk1
|inactive|Contranaut has 210 seconds left.
|l| DoctaShock
|
|t:|1719170944
|move|p2a: bastriodon ex|Flash Cannon|p1a: Weezing
|-supereffective|p1a: Weezing
|-damage|p1a: Weezing|0 fnt
|faint|p1a: Weezing
|-ability|p2a: bastriodon ex|Beast Boost|boost
|-boost|p2a: bastriodon ex|spa|1
|
|upkeep
|inactive|Contranaut has 180 seconds left.
|
|t:|1719170975
|switch|p1a: Raikou|Raikou|100\/100
|turn|13
|inactive|Selystia has 120 seconds left.
|
|t:|1719171008
|switch|p2a: bastiodon galar|Ting-Lu|60\/100
|-ability|p2a: bastiodon galar|Vessel of Ruin
|move|p1a: Raikou|Thunderbolt|p2a: bastiodon galar
|-immune|p2a: bastiodon galar
|
|-heal|p2a: bastiodon galar|66\/100|[from] item: Leftovers
|upkeep
|turn|14
|inactive|Contranaut has 180 seconds left.
|inactive|Selystia has 120 seconds left.
|
|t:|1719171031
|switch|p1a: Meowscarada|Meowscarada, F|88\/100
|move|p2a: bastiodon galar|Earthquake|p1a: Meowscarada
|-resisted|p1a: Meowscarada
|-damage|p1a: Meowscarada|61\/100
|
|-heal|p2a: bastiodon galar|72\/100|[from] item: Leftovers
|upkeep
|turn|15
|inactive|Selystia has 90 seconds left.
|
|t:|1719171072
|switch|p2a: bastiodon|Hatterene, F|100\/100
|move|p1a: Meowscarada|Triple Axel|p2a: bastiodon
|-start|p1a: Meowscarada|typechange|Ice|[from] ability: Protean
|-damage|p2a: bastiodon|94\/100
|-damage|p2a: bastiodon|79\/100
|-damage|p2a: bastiodon|56\/100
|-hitcount|p2a: bastiodon|3
|
|-heal|p2a: bastiodon|62\/100|[from] item: Leftovers
|upkeep
|turn|16
|inactive|Contranaut has 180 seconds left.
|inactive|Contranaut has 150 seconds left.
|
|t:|1719171128
|switch|p1a: Crocalor|Crocalor, F|100\/100
|move|p2a: bastiodon|Psychic|p1a: Crocalor
|-crit|p1a: Crocalor
|-damage|p1a: Crocalor|63\/100
|
|-heal|p2a: bastiodon|68\/100|[from] item: Leftovers
|upkeep
|turn|17
|inactive|Selystia has 60 seconds left.
|
|t:|1719171159
|switch|p2a: bastiodon galar|Ting-Lu|72\/100
|-ability|p2a: bastiodon galar|Vessel of Ruin
|move|p1a: Crocalor|Curse|p1a: Crocalor
|-unboost|p1a: Crocalor|spe|1
|-boost|p1a: Crocalor|atk|1
|-boost|p1a: Crocalor|def|1
|
|-heal|p2a: bastiodon galar|79\/100|[from] item: Leftovers
|upkeep
|turn|18
|inactive|Contranaut has 120 seconds left.
|j| imred65
|j| Reliantcoley
|inactive|Selystia has 30 seconds left.
|inactive|Selystia has 20 seconds left.
|j| CDR Cucumber
|inactive|Selystia has 15 seconds left.
|inactive|Selystia has 10 seconds left.
|
|t:|1719171209
|switch|p2a: bastriodon ex|Celesteela|65\/100
|move|p1a: Crocalor|Slack Off|p1a: Crocalor
|-heal|p1a: Crocalor|100\/100
|
|upkeep
|turn|19
|inactive|Selystia has 20 seconds left this turn.
|inactive|Selystia has 15 seconds left.
|
|t:|1719171217
|move|p2a: bastriodon ex|Meteor Beam||[still]
|-prepare|p2a: bastriodon ex|Meteor Beam
|-boost|p2a: bastriodon ex|spa|1
|-enditem|p2a: bastriodon ex|Power Herb
|-anim|p2a: bastriodon ex|Meteor Beam|p1a: Crocalor
|-supereffective|p1a: Crocalor
|-damage|p1a: Crocalor|54\/100
|move|p1a: Crocalor|Curse|p1a: Crocalor
|-unboost|p1a: Crocalor|spe|1
|-boost|p1a: Crocalor|atk|1
|-boost|p1a: Crocalor|def|1
|
|upkeep
|turn|20
|inactive|Selystia has 25 seconds left this turn.
|inactive|Selystia has 20 seconds left.
|inactive|Selystia has 15 seconds left.
|
|t:|1719171231
|move|p2a: bastriodon ex|Air Slash|p1a: Crocalor
|-damage|p1a: Crocalor|30\/100
|move|p1a: Crocalor|Slack Off|p1a: Crocalor
|-heal|p1a: Crocalor|80\/100
|
|upkeep
|turn|21
|inactive|Selystia has 25 seconds left this turn.
|inactive|Selystia has 20 seconds left.
|
|t:|1719171239
|-terastallize|p1a: Crocalor|Steel
|move|p2a: bastriodon ex|Air Slash|p1a: Crocalor
|-resisted|p1a: Crocalor
|-damage|p1a: Crocalor|68\/100
|cant|p1a: Crocalor|flinch
|
|upkeep
|turn|22
|inactive|Selystia has 30 seconds left this turn.
|inactive|Contranaut has 120 seconds left.
|inactive|Selystia has 20 seconds left.
|
|t:|1719171251
|switch|p2a: bastiodon galar|Ting-Lu|79\/100
|-ability|p2a: bastiodon galar|Vessel of Ruin
|move|p1a: Crocalor|Curse|p1a: Crocalor
|-unboost|p1a: Crocalor|spe|1
|-boost|p1a: Crocalor|atk|1
|-boost|p1a: Crocalor|def|1
|
|-heal|p2a: bastiodon galar|85\/100|[from] item: Leftovers
|upkeep
|turn|23
|inactive|Selystia has 30 seconds left this turn.
|inactive|Contranaut has 120 seconds left.
|
|t:|1719171263
|move|p2a: bastiodon galar|Stealth Rock|p1a: Crocalor
|-sidestart|p1: Contranaut|move: Stealth Rock
|move|p1a: Crocalor|Curse|p1a: Crocalor
|-unboost|p1a: Crocalor|spe|1
|-boost|p1a: Crocalor|atk|1
|-boost|p1a: Crocalor|def|1
|
|-heal|p2a: bastiodon galar|91\/100|[from] item: Leftovers
|upkeep
|turn|24
|
|t:|1719171268
|move|p2a: bastiodon galar|Spikes|p1a: Crocalor
|-sidestart|p1: Contranaut|Spikes
|move|p1a: Crocalor|Curse|p1a: Crocalor
|-unboost|p1a: Crocalor|spe|1
|-boost|p1a: Crocalor|atk|1
|-boost|p1a: Crocalor|def|1
|
|-heal|p2a: bastiodon galar|97\/100|[from] item: Leftovers
|upkeep
|turn|25
|
|t:|1719171280
|move|p2a: bastiodon galar|Spikes|p1a: Crocalor
|-sidestart|p1: Contranaut|Spikes
|move|p1a: Crocalor|Curse|p1a: Crocalor
|-unboost|p1a: Crocalor|spe|1
|-boost|p1a: Crocalor|atk|1
|-boost|p1a: Crocalor|def|1
|
|-heal|p2a: bastiodon galar|100\/100|[from] item: Leftovers
|upkeep
|turn|26
|
|t:|1719171286
|move|p2a: bastiodon galar|Earthquake|p1a: Crocalor
|-supereffective|p1a: Crocalor
|-damage|p1a: Crocalor|55\/100
|move|p1a: Crocalor|Temper Flare|p2a: bastiodon galar
|-damage|p2a: bastiodon galar|67\/100
|
|-heal|p2a: bastiodon galar|73\/100|[from] item: Leftovers
|upkeep
|turn|27
|
|t:|1719171303
|move|p2a: bastiodon galar|Spikes|p1a: Crocalor
|-sidestart|p1: Contranaut|Spikes
|move|p1a: Crocalor|Temper Flare|p2a: bastiodon galar
|-damage|p2a: bastiodon galar|36\/100
|
|-heal|p2a: bastiodon galar|42\/100|[from] item: Leftovers
|upkeep
|turn|28
|inactive|Contranaut has 150 seconds left.
|
|t:|1719171309
|move|p2a: bastiodon galar|Earthquake|p1a: Crocalor
|-supereffective|p1a: Crocalor
|-damage|p1a: Crocalor|40\/100
|move|p1a: Crocalor|Temper Flare|p2a: bastiodon galar
|-damage|p2a: bastiodon galar|7\/100
|
|-heal|p2a: bastiodon galar|13\/100|[from] item: Leftovers
|upkeep
|turn|29
|
|t:|1719171314
|move|p2a: bastiodon galar|Earthquake|p1a: Crocalor
|-supereffective|p1a: Crocalor
|-damage|p1a: Crocalor|24\/100
|move|p1a: Crocalor|Slack Off|p1a: Crocalor
|-heal|p1a: Crocalor|74\/100
|
|-heal|p2a: bastiodon galar|19\/100|[from] item: Leftovers
|upkeep
|turn|30
|
|t:|1719171322
|move|p2a: bastiodon galar|Earthquake|p1a: Crocalor
|-supereffective|p1a: Crocalor
|-damage|p1a: Crocalor|59\/100
|move|p1a: Crocalor|Slack Off|p1a: Crocalor
|-heal|p1a: Crocalor|100\/100
|
|-heal|p2a: bastiodon galar|25\/100|[from] item: Leftovers
|upkeep
|turn|31
|c|☆Selystia|say it afer me
|c|☆Selystia|we hit the
|
|t:|1719171337
|move|p2a: bastiodon galar|Earthquake|p1a: Crocalor
|-supereffective|p1a: Crocalor
|-damage|p1a: Crocalor|86\/100
|move|p1a: Crocalor|Temper Flare|p2a: bastiodon galar
|-damage|p2a: bastiodon galar|0 fnt
|faint|p2a: bastiodon galar
|
|upkeep
|c|☆Selystia|noo
|inactive|Selystia has 60 seconds left.
|
|t:|1719171348
|switch|p2a: bastiodon gmax|Polteageist|100\/100
|turn|32
|inactive|Selystia has 60 seconds left.
|
|t:|1719171362
|-terastallize|p2a: bastiodon gmax|Fighting
|move|p2a: bastiodon gmax|Tera Blast|p1a: Crocalor|[anim] Tera Blast Fighting
|-supereffective|p1a: Crocalor
|-damage|p1a: Crocalor|26\/100
|move|p1a: Crocalor|Temper Flare|p2a: bastiodon gmax
|-enditem|p2a: bastiodon gmax|Focus Sash
|-damage|p2a: bastiodon gmax|1\/100
|-ability|p2a: bastiodon gmax|Weak Armor|boost
|-unboost|p2a: bastiodon gmax|def|1
|-boost|p2a: bastiodon gmax|spe|2
|
|upkeep
|turn|33
|l| Reliantcoley
|inactive|Contranaut has 180 seconds left.
|
|t:|1719171381
|move|p2a: bastiodon gmax|Tera Blast|p1a: Crocalor|[anim] Tera Blast Fighting
|-supereffective|p1a: Crocalor
|-damage|p1a: Crocalor|0 fnt
|faint|p1a: Crocalor
|
|upkeep
|inactive|Contranaut has 180 seconds left.
|
|t:|1719171390
|switch|p1a: Meowscarada|Meowscarada, F|61\/100
|-damage|p1a: Meowscarada|49\/100|[from] Stealth Rock
|-damage|p1a: Meowscarada|24\/100|[from] Spikes
|turn|34
|inactive|Contranaut has 180 seconds left.
|
|t:|1719171405
|move|p1a: Meowscarada|Triple Axel|p2a: bastiodon gmax
|-start|p1a: Meowscarada|typechange|Ice|[from] ability: Protean
|-damage|p2a: bastiodon gmax|0 fnt
|faint|p2a: bastiodon gmax
|-hitcount|p2: bastiodon gmax|1
|
|upkeep
|
|t:|1719171412
|switch|p2a: bastiodon mega|Lopunny-Mega, F|43\/100
|turn|35
|
|t:|1719171418
|move|p2a: bastiodon mega|Fake Out|p1a: Meowscarada
|-damage|p1a: Meowscarada|0 fnt
|faint|p1a: Meowscarada
|
|upkeep
|
|t:|1719171436
|switch|p1a: Great Tusk|Great Tusk|100\/100
|-damage|p1a: Great Tusk|98\/100|[from] Stealth Rock
|-damage|p1a: Great Tusk|73\/100|[from] Spikes
|-enditem|p1a: Great Tusk|Booster Energy
|-activate|p1a: Great Tusk|ability: Protosynthesis|[fromitem]
|-start|p1a: Great Tusk|protosynthesisspe
|turn|36
|inactive|Contranaut has 180 seconds left.
|
|t:|1719171468
|switch|p2a: bastriodon ex|Celesteela|65\/100
|move|p1a: Great Tusk|Bulk Up|p1a: Great Tusk
|-boost|p1a: Great Tusk|atk|1
|-boost|p1a: Great Tusk|def|1
|
|upkeep
|turn|37
|
|t:|1719171477
|move|p1a: Great Tusk|Supercell Slam|p2a: bastriodon ex
|-supereffective|p2a: bastriodon ex
|-damage|p2a: bastriodon ex|0 fnt
|faint|p2a: bastriodon ex
|
|upkeep
|
|t:|1719171486
|switch|p2a: bastiodon|Hatterene, F|68\/100
|turn|38
|inactive|Contranaut has 180 seconds left.
|inactive|Contranaut has 150 seconds left.
|
|t:|1719171541
|move|p1a: Great Tusk|Headlong Rush|p2a: bastiodon
|-damage|p2a: bastiodon|2\/100
|-unboost|p1a: Great Tusk|def|1
|-unboost|p1a: Great Tusk|spd|1
|move|p2a: bastiodon|Psychic|p1a: Great Tusk
|-supereffective|p1a: Great Tusk
|-damage|p1a: Great Tusk|0 fnt
|faint|p1a: Great Tusk
|-end|p1a: Great Tusk|Protosynthesis|[silent]
|
|-heal|p2a: bastiodon|8\/100|[from] item: Leftovers
|upkeep
|
|t:|1719171548
|switch|p1a: Raikou|Raikou|100\/100
|-damage|p1a: Raikou|88\/100|[from] Stealth Rock
|-damage|p1a: Raikou|63\/100|[from] Spikes
|turn|39
|
|t:|1719171559
|move|p1a: Raikou|Thunderbolt|p2a: bastiodon
|-damage|p2a: bastiodon|0 fnt
|faint|p2a: bastiodon
|
|upkeep
|
|t:|1719171563
|switch|p2a: bastiodon mega|Lopunny-Mega, F|43\/100
|turn|40
|
|t:|1719171575
|move|p2a: bastiodon mega|Close Combat|p1a: Raikou
|-damage|p1a: Raikou|0 fnt
|-unboost|p2a: bastiodon mega|def|1
|-unboost|p2a: bastiodon mega|spd|1
|faint|p1a: Raikou
|
|win|Selystia
|c|☆Contranaut|gg
|c|☆Selystia|ggs close one
|c| Bunnnies|ggs
|c|☆Contranaut|wtf calc said it would kill???
|c|☆Contranaut|I could have just bulked up to win
|c|☆Contranaut|+1 4 Atk Protosynthesis Great Tusk Headlong Rush vs. 252 HP \/ 252+ Def Hatterene: 237-280 (74.5 - 88%) -- guaranteed OHKO
|c|☆Contranaut|like wtf did I do wrong
|c| Bunnnies|wouldn't you still die to psychic?
|c|☆Contranaut|do cuz not -1 spd
|c|☆Contranaut|no
|c| Bunnnies|ah
|c|☆Contranaut|wtf set were you
|c|☆Contranaut|omfg
|c|☆Contranaut|it used proto in the calc
|c| Bunnnies|weren't you spe proto?
|c| Bunnnies|LOL
|c| Bunnnies|oof
|c|☆Contranaut|even though literally
|c|☆Contranaut|I had more speed in calc
|c|☆Contranaut|like bro
|c| Bunnnies|oooooof
|l| imred65
|c|☆Contranaut|and it was still a roll
|l| CDR Cucumber

</script>
</div>
<div class="battle-log battle-log-inline"><div class="inner"><div class="battle-options"></div><div class="inner message-log"><div class="chat"><small>☆Contranaut and ☆Selystia joined</small></div><div class=""><small>Format:</small> <br><strong>[Gen 9] NatDex Draft</strong></div><div class=""><small><em>Sleep Clause Mod:</em> Limit one foe put to sleep</small></div><div class=""><small><em>OHKO Clause:</em> OHKO moves are banned</small></div><div class=""><small><em>Evasion Clause:</em> Evasion abilities, items, and moves are banned</small></div><div class=""><small><em>Evasion Abilities Clause:</em> Evasion abilities are banned</small></div><div class=""><small><em>Evasion Items Clause:</em> Evasion items are banned</small></div><div class=""><small><em>Evasion Moves Clause:</em> Evasion moves are banned</small></div><div class=""><small><em>Endless Battle Clause:</em> Forcing endless battles is banned</small></div><div class=""><small><em>HP Percentage Mod:</em> HP is shown in percentages</small></div><div class="chat battle-history"><strong>Contranaut's team:</strong> <em style="color:#445566;display:block;">Charizard / Crocalor / Great Tusk / Weezing-Galar / Meowscarada / Raikou</em></div><div class="chat battle-history"><strong>Selystia's team:</strong> <em style="color:#445566;display:block;">Lopunny / Ting-Lu / Polteageist / Celesteela / Hatterene / Iron Moth</em></div><div class="chat"><small> DoctaShockFan,  DoctaShock, and  tomkeap joined</small></div><div class="chat chatmessage-selystia"><strong style="color:#908123"><small>☆</small><span class="username" data-name="Selystia">Selystia</span>:</strong> <em>ohh its specd right</em></div><div class="spacer battle-history"><br></div><div class="battle-history">Battle started between Contranaut and Selystia!<br></div><div class="spacer battle-history"><br></div><div class="battle-history">Go! <strong>Meowscarada</strong>!<br></div><div class="spacer battle-history"><br></div><div class="battle-history">Selystia sent out bastiodon hisui (<strong>Iron Moth</strong>)!<br></div><div class="spacer battle-history"><br></div><h2 class="battle-history">Turn 1</h2><div class="spacer battle-history"><br></div><div class="battle-history">Meowscarada used <strong>Knock Off</strong>!<br></div><div class="spacer battle-history"><br></div><div class="battle-history">[Meowscarada's Protean]<br><small>Meowscarada's type changed to Dark!</small><br></div><div class="battle-history"><small>(The opposing bastiodon hisui lost 75% of its health!)</small><br></div><div class="battle-history"><small>Meowscarada knocked off the opposing bastiodon hisui's Choice Scarf!</small><br></div><div class="spacer battle-history"><br></div><div class="battle-history">The opposing bastiodon hisui used <strong>Overheat</strong>!<br></div><div class="battle-history"><small>Meowscarada avoided the attack!</small><br></div><div class="spacer battle-history"><br></div><h2 class="battle-history">Turn 2</h2><div class="chat chatmessage-contranaut"><strong style="color:#237f9e"><small>☆</small><span class="username" data-name="Contranaut">Contranaut</span>:</strong> <em>sorry</em></div><div class="chat chatmessage-selystia"><strong style="color:#908123"><small>☆</small><span class="username" data-name="Selystia">Selystia</span>:</strong> <em>NO</em></div><div class="chat chatmessage-selystia"><strong style="color:#908123"><small>☆</small><span class="username" data-name="Selystia">Selystia</span>:</strong> <em>guys im lagging</em></div><div class="chat chatmessage-selystia"><strong style="color:#908123"><small>☆</small><span class="username" data-name="Selystia">Selystia</span>:</strong> <em>gotta redo</em></div><div class="chat chatmessage-contranaut"><strong style="color:#237f9e"><small>☆</small><span class="username" data-name="Contranaut">Contranaut</span>:</strong> <em>I'll take ffW</em></div><div class="chat chatmessage-contranaut"><strong style="color:#237f9e"><small>☆</small><span class="username" data-name="Contranaut">Contranaut</span>:</strong> <em>then play for fun</em></div><div class="chat chatmessage-contranaut"><strong style="color:#237f9e"><small>☆</small><span class="username" data-name="Contranaut">Contranaut</span>:</strong> <em>:]</em></div><div class="chat"><small> mukmuk1 and  foodss joined</small></div><div class="chat chatmessage-mukmuk1"><strong style="color:#ce261d"><small> </small><span class="username" data-name="mukmuk1">mukmuk1</span>:</strong> <em>bastiondon hisuu nooo</em></div><div class="chat"><small> Crown Oji,  DyegoFra, and  Bunnnies joined;  mukmuk1 left</small></div><div class="chat message-error">Battle timer is ON: inactive players will automatically lose when time's up. (requested by Contranaut)</div><div class="chat"><small> mukmuk1 joined</small></div><div class="chat chatmessage-dyegofra"><strong style="color:#41980b"><small> </small><span class="username" data-name="DyegoFra">DyegoFra</span>:</strong> <em>who is a better pokemon regular charizard or crocalor</em></div><div class="chat"><small> mukmuk1 left</small></div><div class="chat chatmessage-doctashock"><strong style="color:#15a4c7"><small> </small><span class="username" data-name="DoctaShock">DoctaShock</span>:</strong> <em>blastoise</em></div><div class="chat chatmessage-selystia"><strong style="color:#908123"><small>☆</small><span class="username" data-name="Selystia">Selystia</span>:</strong> <em>guys that was</em></div><div class="chat chatmessage-selystia"><strong style="color:#908123"><small>☆</small><span class="username" data-name="Selystia">Selystia</span>:</strong> <em>quite unlucky</em></div><div class="chat"><small> Kaui joined</small></div><div class="chat chatmessage-selystia"><strong style="color:#908123"><small>☆</small><span class="username" data-name="Selystia">Selystia</span>:</strong> <em>i planned for a lil bit of a sequence at the start</em></div><div class="chat message-error">Selystia has 270 seconds left.</div><div class="chat chatmessage-kaui"><strong style="color:#73950c"><small> </small><span class="username" data-name="Kaui">Kaui</span>:</strong> <em>got somewhere to be ben? lmao</em></div><div class="chat chatmessage-selystia"><strong style="color:#908123"><small>☆</small><span class="username" data-name="Selystia">Selystia</span>:</strong> <em>this was not in it</em></div><div class="chat chatmessage-kaui"><strong style="color:#73950c"><small> </small><span class="username" data-name="Kaui">Kaui</span>:</strong> <em>we got fucked turn 1 and are discussing our options and you timer us so toxic</em></div><div class="chat chatmessage-contranaut"><strong style="color:#237f9e"><small>☆</small><span class="username" data-name="Contranaut">Contranaut</span>:</strong> <em>I waited like 90s to turn on timer</em></div><div class="chat message-error">Selystia has 240 seconds left.</div><div class="chat chatmessage-kaui"><strong style="color:#73950c"><small> </small><span class="username" data-name="Kaui">Kaui</span>:</strong> <em>who cares</em></div><div class="chat message-error">Selystia has 210 seconds left.</div><div class="spacer battle-history"><br></div><div class="battle-history">Selystia withdrew bastiodon hisui!<br></div><div class="battle-history">Selystia sent out bastiodon mega (<strong>Lopunny</strong>)!<br></div><div class="spacer battle-history"><br></div><div class="battle-history">Meowscarada used <strong>Knock Off</strong>!<br></div><div class="battle-history"><small>(The opposing bastiodon mega lost 41% of its health!)</small><br></div><div class="spacer battle-history"><br></div><h2 class="battle-history">Turn 3</h2><div class="chat message-error">Selystia has 270 seconds left.</div><div class="spacer battle-history"><br></div><div class="battle-history">Meowscarada, come back!<br></div><div class="battle-history">Go! Weezing (<strong>Weezing-Galar</strong>)!<br></div><div class="spacer battle-history"><br></div><div class="battle-history">Selystia withdrew bastiodon mega!<br></div><div class="battle-history">Selystia sent out bastiodon hisui (<strong>Iron Moth</strong>)!<br></div><div class="spacer battle-history"><br></div><h2 class="battle-history">Turn 4</h2><div class="spacer battle-history"><br></div><div class="battle-history">Weezing, come back!<br></div><div class="battle-history">Go! <strong>Crocalor</strong>!<br></div><div class="spacer battle-history"><br></div><div class="battle-history">The opposing bastiodon hisui used <strong>Overheat</strong>!<br></div><div class="battle-history"><small>It's not very effective...</small><br></div><div class="battle-history"><small>(Crocalor lost 26% of its health!)</small><br></div><div class="battle-history"><small>The opposing bastiodon hisui's Sp. Atk fell harshly!</small><br></div><div class="spacer battle-history"><br></div><h2 class="battle-history">Turn 5</h2><div class="chat message-error">Selystia has 270 seconds left.</div><div class="spacer battle-history"><br></div><div class="battle-history">Selystia withdrew bastiodon hisui!<br></div><div class="battle-history">Selystia sent out bastiodon galar (<strong>Ting-Lu</strong>)!<br></div><div class="battle-history">[The opposing bastiodon galar's Vessel of Ruin]<br><small>The opposing bastiodon galar's Vessel of Ruin weakened the Sp. Atk of all surrounding Pokémon!</small><br></div><div class="spacer battle-history"><br></div><div class="battle-history">Crocalor used <strong>Slack Off</strong>!<br></div><div class="battle-history"><small>Crocalor had its HP restored.</small><br></div><div class="spacer battle-history"><br></div><h2 class="battle-history">Turn 6</h2><div class="chat message-error">Selystia has 240 seconds left.</div><div class="chat chatmessage-dyegofra"><strong style="color:#41980b"><small> </small><span class="username" data-name="DyegoFra">DyegoFra</span>:</strong> <em>these are good names</em></div><div class="spacer battle-history"><br></div><div class="battle-history">Crocalor, come back!<br></div><div class="battle-history">Go! <strong>Charizard</strong>!<br></div><div class="spacer battle-history"><br></div><div class="battle-history">The opposing bastiodon galar used <strong>Stealth Rock</strong>!<br></div><div class="battle-history"><small>Pointed stones float in the air around your team!</small><br></div><div class="spacer battle-history"><br></div><h2 class="battle-history">Turn 7</h2><div class="chat message-error">Selystia has 210 seconds left.</div><div class="chat message-error">Contranaut has 270 seconds left.</div><div class="spacer battle-history"><br></div><div class="battle-history"><small>Charizard's Charizardite Y is reacting to the Key Stone!</small><br>Charizard has Mega Evolved into Mega Charizard!<br></div><div class="battle-history">[Charizard's Drought]<br><small>The sunlight turned harsh!</small><br></div><div class="spacer battle-history"><br></div><div class="battle-history">Charizard used <strong>Solar Beam</strong>!<br></div><div class="battle-history"><small>Charizard absorbed light!</small><br></div><div class="battle-history"><small>It's super effective!</small><br></div><div class="battle-history"><small>(The opposing bastiodon galar lost 46% of its health!)</small><br></div><div class="spacer battle-history"><br></div><div class="battle-history">The opposing bastiodon galar used <strong>Rock Slide</strong>!<br></div><div class="battle-history"><small>It's super effective!</small><br></div><div class="battle-history"><small>(Charizard lost 100% of its health!)</small><br></div><div class="spacer battle-history"><br></div><div class="battle-history">Charizard fainted!<br></div><div class="spacer battle-history"><br></div><div class="battle-history"><small>(The sunlight is strong.)</small><br></div><div class="battle-history"><small>The opposing bastiodon galar restored a little HP using its Leftovers!</small><br></div><div class="chat message-error">Contranaut has 240 seconds left.</div><div class="spacer battle-history"><br></div><div class="battle-history">Go! <strong>Meowscarada</strong>!<br></div><div class="battle-history"><small>Pointed stones dug into Meowscarada!</small><br></div><div class="spacer battle-history"><br></div><h2 class="battle-history">Turn 8</h2><div class="chat message-error">Selystia has 180 seconds left.</div><div class="spacer battle-history"><br></div><div class="battle-history">Selystia withdrew bastiodon galar!<br></div><div class="battle-history">Selystia sent out bastiodon hisui (<strong>Iron Moth</strong>)!<br></div><div class="spacer battle-history"><br></div><div class="battle-history">Meowscarada used <strong>Triple Axel</strong>!<br></div><div class="spacer battle-history"><br></div><div class="battle-history">[Meowscarada's Protean]<br><small>Meowscarada's type changed to Ice!</small><br></div><div class="battle-history"><small>It's not very effective...</small><br></div><div class="battle-history"><small>(The opposing bastiodon hisui lost 7% of its health!)</small><br></div><div class="battle-history"><small>It's not very effective...</small><br></div><div class="battle-history"><small>(The opposing bastiodon hisui lost 14% of its health!)</small><br></div><div class="battle-history"><small>It's not very effective...</small><br></div><div class="battle-history"><small>(The opposing bastiodon hisui lost 4% of its health!)</small><br></div><div class="spacer battle-history"><br></div><div class="battle-history">The opposing bastiodon hisui fainted!<br></div><div class="battle-history"><small>The Pokémon was hit 3 times!</small><br></div><div class="spacer battle-history"><br></div><div class="battle-history"><small>(The sunlight is strong.)</small><br></div><div class="chat message-error">Selystia has 180 seconds left.</div><div class="spacer battle-history"><br></div><div class="battle-history">Selystia sent out bastiodon mega (<strong>Lopunny</strong>)!<br></div><div class="spacer battle-history"><br></div><h2 class="battle-history">Turn 9</h2><div class="spacer battle-history"><br></div><div class="battle-history">Meowscarada, come back!<br></div><div class="battle-history">Go! Weezing (<strong>Weezing-Galar</strong>)!<br></div><div class="battle-history"><small>Pointed stones dug into Weezing!</small><br></div><div class="spacer battle-history"><br></div><div class="battle-history"><small>The opposing bastiodon mega's Lopunnite is reacting to the Key Stone!</small><br>The opposing bastiodon mega has Mega Evolved into Mega Lopunny!<br></div><div class="spacer battle-history"><br></div><div class="battle-history">The opposing bastiodon mega used <strong>Fake Out</strong>!<br></div><div class="battle-history"><small>(Weezing lost 14% of its health!)</small><br></div><div class="battle-history"><small>The opposing bastiodon mega was hurt by the Rocky Helmet!</small><br></div><div class="spacer battle-history"><br></div><div class="battle-history"><small>(The sunlight is strong.)</small><br></div><div class="spacer battle-history"><br></div><h2 class="battle-history">Turn 10</h2><div class="spacer battle-history"><br></div><div class="battle-history">Selystia withdrew bastiodon mega!<br></div><div class="battle-history">Selystia sent out bastriodon ex (<strong>Celesteela</strong>)!<br></div><div class="spacer battle-history"><br></div><div class="battle-history">Weezing used <strong>Defog</strong>!<br></div><div class="battle-history"><small>The opposing bastriodon ex's evasiveness fell!</small><br></div><div class="battle-history"><small>The pointed stones disappeared from around your team!</small><br></div><div class="spacer battle-history"><br></div><div class="battle-history"><small>(The sunlight is strong.)</small><br></div><div class="spacer battle-history"><br></div><h2 class="battle-history">Turn 11</h2><div class="chat message-error">Contranaut has 240 seconds left.</div><div class="chat message-error">Selystia has 150 seconds left.</div><div class="spacer battle-history"><br></div><div class="battle-history">The opposing bastriodon ex used <strong>Autotomize</strong>!<br></div><div class="battle-history"><small>The opposing bastriodon ex's Speed rose sharply!</small><br></div><div class="battle-history"><small>The opposing bastriodon ex became nimble!</small><br></div><div class="spacer battle-history"><br></div><div class="battle-history">Weezing used <strong>Thunderbolt</strong>!<br></div><div class="battle-history"><small>It's super effective!</small><br></div><div class="battle-history"><small>(The opposing bastriodon ex lost 35% of its health!)</small><br></div><div class="spacer battle-history"><br></div><div class="battle-history"><small>The harsh sunlight faded.</small><br></div><div class="spacer battle-history"><br></div><h2 class="battle-history">Turn 12</h2><div class="chat"><small> mukmuk1 joined;  mukmuk1 left</small></div><div class="chat message-error">Contranaut has 210 seconds left.</div><div class="chat"><small> DoctaShock left</small></div><div class="spacer battle-history"><br></div><div class="battle-history">The opposing bastriodon ex used <strong>Flash Cannon</strong>!<br></div><div class="battle-history"><small>It's super effective!</small><br></div><div class="battle-history"><small>(Weezing lost 74% of its health!)</small><br></div><div class="spacer battle-history"><br></div><div class="battle-history">Weezing fainted!<br></div><div class="battle-history">[The opposing bastriodon ex's Beast Boost]<br></div><div class="battle-history"><small>The opposing bastriodon ex's Sp. Atk rose!</small><br></div><div class="chat message-error">Contranaut has 180 seconds left.</div><div class="spacer battle-history"><br></div><div class="battle-history">Go! <strong>Raikou</strong>!<br></div><div class="spacer battle-history"><br></div><h2 class="battle-history">Turn 13</h2><div class="chat message-error">Selystia has 120 seconds left.</div><div class="spacer battle-history"><br></div><div class="battle-history">Selystia withdrew bastriodon ex!<br></div><div class="battle-history">Selystia sent out bastiodon galar (<strong>Ting-Lu</strong>)!<br></div><div class="battle-history">[The opposing bastiodon galar's Vessel of Ruin]<br><small>The opposing bastiodon galar's Vessel of Ruin weakened the Sp. Atk of all surrounding Pokémon!</small><br></div><div class="spacer battle-history"><br></div><div class="battle-history">Raikou used <strong>Thunderbolt</strong>!<br></div><div class="battle-history"><small>It doesn't affect the opposing bastiodon galar...</small><br></div><div class="spacer battle-history"><br></div><div class="battle-history"><small>The opposing bastiodon galar restored a little HP using its Leftovers!</small><br></div><div class="spacer battle-history"><br></div><h2 class="battle-history">Turn 14</h2><div class="chat message-error">Contranaut has 180 seconds left.</div><div class="chat message-error">Selystia has 120 seconds left.</div><div class="spacer battle-history"><br></div><div class="battle-history">Raikou, come back!<br></div><div class="battle-history">Go! <strong>Meowscarada</strong>!<br></div><div class="spacer battle-history"><br></div><div class="battle-history">The opposing bastiodon galar used <strong>Earthquake</strong>!<br></div><div class="battle-history"><small>It's not very effective...</small><br></div><div class="battle-history"><small>(Meowscarada lost 27% of its health!)</small><br></div><div class="spacer battle-history"><br></div><div class="battle-history"><small>The opposing bastiodon galar restored a little HP using its Leftovers!</small><br></div><div class="spacer battle-history"><br></div><h2 class="battle-history">Turn 15</h2><div class="chat message-error">Selystia has 90 seconds left.</div><div class="spacer battle-history"><br></div><div class="battle-history">Selystia withdrew bastiodon galar!<br></div><div class="battle-history">Selystia sent out bastiodon (<strong>Hatterene</strong>)!<br></div><div class="spacer battle-history"><br></div><div class="battle-history">Meowscarada used <strong>Triple Axel</strong>!<br></div><div class="spacer battle-history"><br></div><div class="battle-history">[Meowscarada's Protean]<br><small>Meowscarada's type changed to Ice!</small><br></div><div class="battle-history"><small>(The opposing bastiodon lost 6% of its health!)</small><br></div><div class="battle-history"><small>(The opposing bastiodon lost 15% of its health!)</small><br></div><div class="battle-history"><small>(The opposing bastiodon lost 23% of its health!)</small><br></div><div class="battle-history"><small>The Pokémon was hit 3 times!</small><br></div><div class="spacer battle-history"><br></div><div class="battle-history"><small>The opposing bastiodon restored a little HP using its Leftovers!</small><br></div><div class="spacer battle-history"><br></div><h2 class="battle-history">Turn 16</h2><div class="chat message-error">Contranaut has 180 seconds left.</div><div class="chat message-error">Contranaut has 150 seconds left.</div><div class="spacer battle-history"><br></div><div class="battle-history">Meowscarada, come back!<br></div><div class="battle-history">Go! <strong>Crocalor</strong>!<br></div><div class="spacer battle-history"><br></div><div class="battle-history">The opposing bastiodon used <strong>Psychic</strong>!<br></div><div class="battle-history"><small>A critical hit!</small><br></div><div class="battle-history"><small>(Crocalor lost 37% of its health!)</small><br></div><div class="spacer battle-history"><br></div><div class="battle-history"><small>The opposing bastiodon restored a little HP using its Leftovers!</small><br></div><div class="spacer battle-history"><br></div><h2 class="battle-history">Turn 17</h2><div class="chat message-error">Selystia has 60 seconds left.</div><div class="spacer battle-history"><br></div><div class="battle-history">Selystia withdrew bastiodon!<br></div><div class="battle-history">Selystia sent out bastiodon galar (<strong>Ting-Lu</strong>)!<br></div><div class="battle-history">[The opposing bastiodon galar's Vessel of Ruin]<br><small>The opposing bastiodon galar's Vessel of Ruin weakened the Sp. Atk of all surrounding Pokémon!</small><br></div><div class="spacer battle-history"><br></div><div class="battle-history">Crocalor used <strong>Curse</strong>!<br></div><div class="battle-history"><small>Crocalor's Speed fell!</small><br></div><div class="battle-history"><small>Crocalor's Attack rose!</small><br></div><div class="battle-history"><small>Crocalor's Defense rose!</small><br></div><div class="spacer battle-history"><br></div><div class="battle-history"><small>The opposing bastiodon galar restored a little HP using its Leftovers!</small><br></div><div class="spacer battle-history"><br></div><h2 class="battle-history">Turn 18</h2><div class="chat message-error">Contranaut has 120 seconds left.</div><div class="chat"><small> imred65 and  Reliantcoley joined</small></div><div class="chat message-error">Selystia has 30 seconds left.</div><div class="chat message-error">Selystia has 20 seconds left.</div><div class="chat"><small> CDR Cucumber joined</small></div><div class="chat message-error">Selystia has 15 seconds left.</div><div class="chat message-error">Selystia has 10 seconds left.</div><div class="spacer battle-history"><br></div><div class="battle-history">Selystia withdrew bastiodon galar!<br></div><div class="battle-history">Selystia sent out bastriodon ex (<strong>Celesteela</strong>)!<br></div><div class="spacer battle-history"><br></div><div class="battle-history">Crocalor used <strong>Slack Off</strong>!<br></div><div class="battle-history"><small>Crocalor had its HP restored.</small><br></div><div class="spacer battle-history"><br></div><h2 class="battle-history">Turn 19</h2><div class="chat message-error">Selystia has 20 seconds left this turn.</div><div class="chat message-error">Selystia has 15 seconds left.</div><div class="spacer battle-history"><br></div><div class="battle-history">The opposing bastriodon ex used <strong>Meteor Beam</strong>!<br></div><div class="battle-history">The opposing bastriodon ex is overflowing with space power!<br></div><div class="battle-history"><small>The opposing bastriodon ex's Sp. Atk rose!</small><br></div><div class="battle-history"><small>The opposing bastriodon ex became fully charged due to its Power Herb!</small><br></div><div class="battle-history"><small>It's super effective!</small><br></div><div class="battle-history"><small>(Crocalor lost 46% of its health!)</small><br></div><div class="spacer battle-history"><br></div><div class="battle-history">Crocalor used <strong>Curse</strong>!<br></div><div class="battle-history"><small>Crocalor's Speed fell!</small><br></div><div class="battle-history"><small>Crocalor's Attack rose!</small><br></div><div class="battle-history"><small>Crocalor's Defense rose!</small><br></div><div class="spacer battle-history"><br></div><h2 class="battle-history">Turn 20</h2><div class="chat message-error">Selystia has 25 seconds left this turn.</div><div class="chat message-error">Selystia has 20 seconds left.</div><div class="chat message-error">Selystia has 15 seconds left.</div><div class="spacer battle-history"><br></div><div class="battle-history">The opposing bastriodon ex used <strong>Air Slash</strong>!<br></div><div class="battle-history"><small>(Crocalor lost 24% of its health!)</small><br></div><div class="spacer battle-history"><br></div><div class="battle-history">Crocalor used <strong>Slack Off</strong>!<br></div><div class="battle-history"><small>Crocalor had its HP restored.</small><br></div><div class="spacer battle-history"><br></div><h2 class="battle-history">Turn 21</h2><div class="chat message-error">Selystia has 25 seconds left this turn.</div><div class="chat message-error">Selystia has 20 seconds left.</div><div class="spacer battle-history"><br></div><div class="battle-history"><small>Crocalor has Terastallized into the Steel-type!</small><br></div><div class="spacer battle-history"><br></div><div class="battle-history">The opposing bastriodon ex used <strong>Air Slash</strong>!<br></div><div class="battle-history"><small>It's not very effective...</small><br></div><div class="battle-history"><small>(Crocalor lost 12% of its health!)</small><br></div><div class="spacer battle-history"><br></div><div class="battle-history">Crocalor flinched and couldn't move!<br></div><div class="spacer battle-history"><br></div><h2 class="battle-history">Turn 22</h2><div class="chat message-error">Selystia has 30 seconds left this turn.</div><div class="chat message-error">Contranaut has 120 seconds left.</div><div class="chat message-error">Selystia has 20 seconds left.</div><div class="spacer battle-history"><br></div><div class="battle-history">Selystia withdrew bastriodon ex!<br></div><div class="battle-history">Selystia sent out bastiodon galar (<strong>Ting-Lu</strong>)!<br></div><div class="battle-history">[The opposing bastiodon galar's Vessel of Ruin]<br><small>The opposing bastiodon galar's Vessel of Ruin weakened the Sp. Atk of all surrounding Pokémon!</small><br></div><div class="spacer battle-history"><br></div><div class="battle-history">Crocalor used <strong>Curse</strong>!<br></div><div class="battle-history"><small>Crocalor's Speed fell!</small><br></div><div class="battle-history"><small>Crocalor's Attack rose!</small><br></div><div class="battle-history"><small>Crocalor's Defense rose!</small><br></div><div class="spacer battle-history"><br></div><div class="battle-history"><small>The opposing bastiodon galar restored a little HP using its Leftovers!</small><br></div><div class="spacer battle-history"><br></div><h2 class="battle-history">Turn 23</h2><div class="chat message-error">Selystia has 30 seconds left this turn.</div><div class="chat message-error">Contranaut has 120 seconds left.</div><div class="spacer battle-history"><br></div><div class="battle-history">The opposing bastiodon galar used <strong>Stealth Rock</strong>!<br></div><div class="battle-history"><small>Pointed stones float in the air around your team!</small><br></div><div class="spacer battle-history"><br></div><div class="battle-history">Crocalor used <strong>Curse</strong>!<br></div><div class="battle-history"><small>Crocalor's Speed fell!</small><br></div><div class="battle-history"><small>Crocalor's Attack rose!</small><br></div><div class="battle-history"><small>Crocalor's Defense rose!</small><br></div><div class="spacer battle-history"><br></div><div class="battle-history"><small>The opposing bastiodon galar restored a little HP using its Leftovers!</small><br></div><div class="spacer battle-history"><br></div><h2 class="battle-history">Turn 24</h2><div class="spacer battle-history"><br></div><div class="battle-history">The opposing bastiodon galar used <strong>Spikes</strong>!<br></div><div class="battle-history"><small>Spikes were scattered on the ground all around your team!</small><br></div><div class="spacer battle-history"><br></div><div class="battle-history">Crocalor used <strong>Curse</strong>!<br></div><div class="battle-history"><small>Crocalor's Speed fell!</small><br></div><div class="battle-history"><small>Crocalor's Attack rose!</small><br></div><div class="battle-history"><small>Crocalor's Defense rose!</small><br></div><div class="spacer battle-history"><br></div><div class="battle-history"><small>The opposing bastiodon galar restored a little HP using its Leftovers!</small><br></div><div class="spacer battle-history"><br></div><h2 class="battle-history">Turn 25</h2><div class="spacer battle-history"><br></div><div class="battle-history">The opposing bastiodon galar used <strong>Spikes</strong>!<br></div><div class="battle-history"><small>Spikes were scattered on the ground all around your team!</small><br></div><div class="spacer battle-history"><br></div><div class="battle-history">Crocalor used <strong>Curse</strong>!<br></div><div class="battle-history"><small>Crocalor's Speed fell!</small><br></div><div class="battle-history"><small>Crocalor's Attack rose!</small><br></div><div class="battle-history"><small>Crocalor's Defense rose!</small><br></div><div class="spacer battle-history"><br></div><div class="battle-history"><small>The opposing bastiodon galar restored a little HP using its Leftovers!</small><br></div><div class="spacer battle-history"><br></div><h2 class="battle-history">Turn 26</h2><div class="spacer battle-history"><br></div><div class="battle-history">The opposing bastiodon galar used <strong>Earthquake</strong>!<br></div><div class="battle-history"><small>It's super effective!</small><br></div><div class="battle-history"><small>(Crocalor lost 13% of its health!)</small><br></div><div class="spacer battle-history"><br></div><div class="battle-history">Crocalor used <strong>Temper Flare</strong>!<br></div><div class="battle-history"><small>(The opposing bastiodon galar lost 33% of its health!)</small><br></div><div class="spacer battle-history"><br></div><div class="battle-history"><small>The opposing bastiodon galar restored a little HP using its Leftovers!</small><br></div><div class="spacer battle-history"><br></div><h2 class="battle-history">Turn 27</h2><div class="spacer battle-history"><br></div><div class="battle-history">The opposing bastiodon galar used <strong>Spikes</strong>!<br></div><div class="battle-history"><small>Spikes were scattered on the ground all around your team!</small><br></div><div class="spacer battle-history"><br></div><div class="battle-history">Crocalor used <strong>Temper Flare</strong>!<br></div><div class="battle-history"><small>(The opposing bastiodon galar lost 37% of its health!)</small><br></div><div class="spacer battle-history"><br></div><div class="battle-history"><small>The opposing bastiodon galar restored a little HP using its Leftovers!</small><br></div><div class="spacer battle-history"><br></div><h2 class="battle-history">Turn 28</h2><div class="chat message-error">Contranaut has 150 seconds left.</div><div class="spacer battle-history"><br></div><div class="battle-history">The opposing bastiodon galar used <strong>Earthquake</strong>!<br></div><div class="battle-history"><small>It's super effective!</small><br></div><div class="battle-history"><small>(Crocalor lost 15% of its health!)</small><br></div><div class="spacer battle-history"><br></div><div class="battle-history">Crocalor used <strong>Temper Flare</strong>!<br></div><div class="battle-history"><small>(The opposing bastiodon galar lost 35% of its health!)</small><br></div><div class="spacer battle-history"><br></div><div class="battle-history"><small>The opposing bastiodon galar restored a little HP using its Leftovers!</small><br></div><div class="spacer battle-history"><br></div><h2 class="battle-history">Turn 29</h2><div class="spacer battle-history"><br></div><div class="battle-history">The opposing bastiodon galar used <strong>Earthquake</strong>!<br></div><div class="battle-history"><small>It's super effective!</small><br></div><div class="battle-history"><small>(Crocalor lost 16% of its health!)</small><br></div><div class="spacer battle-history"><br></div><div class="battle-history">Crocalor used <strong>Slack Off</strong>!<br></div><div class="battle-history"><small>Crocalor had its HP restored.</small><br></div><div class="spacer battle-history"><br></div><div class="battle-history"><small>The opposing bastiodon galar restored a little HP using its Leftovers!</small><br></div><div class="spacer battle-history"><br></div><h2 class="battle-history">Turn 30</h2><div class="spacer battle-history"><br></div><div class="battle-history">The opposing bastiodon galar used <strong>Earthquake</strong>!<br></div><div class="battle-history"><small>It's super effective!</small><br></div><div class="battle-history"><small>(Crocalor lost 15% of its health!)</small><br></div><div class="spacer battle-history"><br></div><div class="battle-history">Crocalor used <strong>Slack Off</strong>!<br></div><div class="battle-history"><small>Crocalor had its HP restored.</small><br></div><div class="spacer battle-history"><br></div><div class="battle-history"><small>The opposing bastiodon galar restored a little HP using its Leftovers!</small><br></div><div class="spacer battle-history"><br></div><h2 class="battle-history">Turn 31</h2><div class="chat chatmessage-selystia"><strong style="color:#908123"><small>☆</small><span class="username" data-name="Selystia">Selystia</span>:</strong> <em>say it afer me</em></div><div class="chat chatmessage-selystia"><strong style="color:#908123"><small>☆</small><span class="username" data-name="Selystia">Selystia</span>:</strong> <em>we hit the</em></div><div class="spacer battle-history"><br></div><div class="battle-history">The opposing bastiodon galar used <strong>Earthquake</strong>!<br></div><div class="battle-history"><small>It's super effective!</small><br></div><div class="battle-history"><small>(Crocalor lost 14% of its health!)</small><br></div><div class="spacer battle-history"><br></div><div class="battle-history">Crocalor used <strong>Temper Flare</strong>!<br></div><div class="battle-history"><small>(The opposing bastiodon galar lost 25% of its health!)</small><br></div><div class="spacer battle-history"><br></div><div class="battle-history">The opposing bastiodon galar fainted!<br></div><div class="chat chatmessage-selystia"><strong style="color:#908123"><small>☆</small><span class="username" data-name="Selystia">Selystia</span>:</strong> <em>noo</em></div><div class="chat message-error">Selystia has 60 seconds left.</div><div class="spacer battle-history"><br></div><div class="battle-history">Selystia sent out bastiodon gmax (<strong>Polteageist</strong>)!<br></div><div class="spacer battle-history"><br></div><h2 class="battle-history">Turn 32</h2><div class="chat message-error">Selystia has 60 seconds left.</div><div class="spacer battle-history"><br></div><div class="battle-history"><small>The opposing bastiodon gmax has Terastallized into the Fighting-type!</small><br></div><div class="spacer battle-history"><br></div><div class="battle-history">The opposing bastiodon gmax used <strong>Tera Blast</strong>!<br></div><div class="battle-history"><small>It's super effective!</small><br></div><div class="battle-history"><small>(Crocalor lost 60% of its health!)</small><br></div><div class="spacer battle-history"><br></div><div class="battle-history">Crocalor used <strong>Temper Flare</strong>!<br></div><div class="battle-history"><small>The opposing bastiodon gmax hung on using its Focus Sash!</small><br></div><div class="battle-history"><small>(The opposing bastiodon gmax lost 99% of its health!)</small><br></div><div class="battle-history">[The opposing bastiodon gmax's Weak Armor]<br></div><div class="battle-history"><small>The opposing bastiodon gmax's Defense fell!</small><br></div><div class="battle-history"><small>The opposing bastiodon gmax's Speed rose sharply!</small><br></div><div class="spacer battle-history"><br></div><h2 class="battle-history">Turn 33</h2><div class="chat"><small> Reliantcoley left</small></div><div class="chat message-error">Contranaut has 180 seconds left.</div><div class="spacer battle-history"><br></div><div class="battle-history">The opposing bastiodon gmax used <strong>Tera Blast</strong>!<br></div><div class="battle-history"><small>It's super effective!</small><br></div><div class="battle-history"><small>(Crocalor lost 26% of its health!)</small><br></div><div class="spacer battle-history"><br></div><div class="battle-history">Crocalor fainted!<br></div><div class="chat message-error">Contranaut has 180 seconds left.</div><div class="spacer battle-history"><br></div><div class="battle-history">Go! <strong>Meowscarada</strong>!<br></div><div class="battle-history"><small>Pointed stones dug into Meowscarada!</small><br></div><div class="battle-history"><small>Meowscarada was hurt by the spikes!</small><br></div><div class="spacer battle-history"><br></div><h2 class="battle-history">Turn 34</h2><div class="chat message-error">Contranaut has 180 seconds left.</div><div class="spacer battle-history"><br></div><div class="battle-history">Meowscarada used <strong>Triple Axel</strong>!<br></div><div class="spacer battle-history"><br></div><div class="battle-history">[Meowscarada's Protean]<br><small>Meowscarada's type changed to Ice!</small><br></div><div class="battle-history"><small>(The opposing bastiodon gmax lost 1% of its health!)</small><br></div><div class="spacer battle-history"><br></div><div class="battle-history">The opposing bastiodon gmax fainted!<br></div><div class="battle-history"><small>The Pokémon was hit 1 time!</small><br></div><div class="spacer battle-history"><br></div><div class="battle-history">Selystia sent out bastiodon mega (<strong>Lopunny-Mega</strong>)!<br></div><div class="spacer battle-history"><br></div><h2 class="battle-history">Turn 35</h2><div class="spacer battle-history"><br></div><div class="battle-history">The opposing bastiodon mega used <strong>Fake Out</strong>!<br></div><div class="battle-history"><small>(Meowscarada lost 24% of its health!)</small><br></div><div class="spacer battle-history"><br></div><div class="battle-history">Meowscarada fainted!<br></div><div class="spacer battle-history"><br></div><div class="battle-history">Go! <strong>Great Tusk</strong>!<br></div><div class="battle-history"><small>Pointed stones dug into Great Tusk!</small><br></div><div class="battle-history"><small>Great Tusk was hurt by the spikes!</small><br></div><div class="battle-history"><small>(Great Tusk used its Booster Energy!)</small><br></div><div class="battle-history">[Great Tusk's Protosynthesis]<br><small>Great Tusk used its Booster Energy to activate Protosynthesis!</small><br></div><div class="battle-history"><small>Great Tusk's Speed was heightened!</small><br></div><div class="spacer battle-history"><br></div><h2 class="battle-history">Turn 36</h2><div class="chat message-error">Contranaut has 180 seconds left.</div><div class="spacer battle-history"><br></div><div class="battle-history">Selystia withdrew bastiodon mega!<br></div><div class="battle-history">Selystia sent out bastriodon ex (<strong>Celesteela</strong>)!<br></div><div class="spacer battle-history"><br></div><div class="battle-history">Great Tusk used <strong>Bulk Up</strong>!<br></div><div class="battle-history"><small>Great Tusk's Attack rose!</small><br></div><div class="battle-history"><small>Great Tusk's Defense rose!</small><br></div><div class="spacer battle-history"><br></div><h2 class="battle-history">Turn 37</h2><div class="spacer battle-history"><br></div><div class="battle-history">Great Tusk used <strong>Supercell Slam</strong>!<br></div><div class="battle-history"><small>It's super effective!</small><br></div><div class="battle-history"><small>(The opposing bastriodon ex lost 65% of its health!)</small><br></div><div class="spacer battle-history"><br></div><div class="battle-history">The opposing bastriodon ex fainted!<br></div><div class="spacer battle-history"><br></div><div class="battle-history">Selystia sent out bastiodon (<strong>Hatterene</strong>)!<br></div><div class="spacer battle-history"><br></div><h2 class="battle-history">Turn 38</h2><div class="chat message-error">Contranaut has 180 seconds left.</div><div class="chat message-error">Contranaut has 150 seconds left.</div><div class="spacer battle-history"><br></div><div class="battle-history">Great Tusk used <strong>Headlong Rush</strong>!<br></div><div class="battle-history"><small>(The opposing bastiodon lost 66% of its health!)</small><br></div><div class="battle-history"><small>Great Tusk's Defense fell!</small><br></div><div class="battle-history"><small>Great Tusk's Sp. Def fell!</small><br></div><div class="spacer battle-history"><br></div><div class="battle-history">The opposing bastiodon used <strong>Psychic</strong>!<br></div><div class="battle-history"><small>It's super effective!</small><br></div><div class="battle-history"><small>(Great Tusk lost 73% of its health!)</small><br></div><div class="spacer battle-history"><br></div><div class="battle-history">Great Tusk fainted!<br></div><div class="spacer battle-history"><br></div><div class="battle-history"><small>The opposing bastiodon restored a little HP using its Leftovers!</small><br></div><div class="spacer battle-history"><br></div><div class="battle-history">Go! <strong>Raikou</strong>!<br></div><div class="battle-history"><small>Pointed stones dug into Raikou!</small><br></div><div class="battle-history"><small>Raikou was hurt by the spikes!</small><br></div><div class="spacer battle-history"><br></div><h2 class="battle-history">Turn 39</h2><div class="spacer battle-history"><br></div><div class="battle-history">Raikou used <strong>Thunderbolt</strong>!<br></div><div class="battle-history"><small>(The opposing bastiodon lost 8% of its health!)</small><br></div><div class="spacer battle-history"><br></div><div class="battle-history">The opposing bastiodon fainted!<br></div><div class="spacer battle-history"><br></div><div class="battle-history">Selystia sent out bastiodon mega (<strong>Lopunny-Mega</strong>)!<br></div><div class="spacer battle-history"><br></div><h2 class="battle-history">Turn 40</h2><div class="spacer battle-history"><br></div><div class="battle-history">The opposing bastiodon mega used <strong>Close Combat</strong>!<br></div><div class="battle-history"><small>(Raikou lost 63% of its health!)</small><br></div><div class="battle-history"><small>The opposing bastiodon mega's Defense fell!</small><br></div><div class="battle-history"><small>The opposing bastiodon mega's Sp. Def fell!</small><br></div><div class="spacer battle-history"><br></div><div class="battle-history">Raikou fainted!<br></div><div class="spacer battle-history"><br></div><div class="battle-history"><strong>Selystia</strong> won the battle!<br></div><div class="chat chatmessage-contranaut"><strong style="color:#237f9e"><small>☆</small><span class="username" data-name="Contranaut">Contranaut</span>:</strong> <em>gg</em></div><div class="chat chatmessage-selystia"><strong style="color:#908123"><small>☆</small><span class="username" data-name="Selystia">Selystia</span>:</strong> <em>ggs close one</em></div><div class="chat chatmessage-bunnnies"><strong style="color:#8a36e4"><small> </small><span class="username" data-name="Bunnnies">Bunnnies</span>:</strong> <em>ggs</em></div><div class="chat chatmessage-contranaut"><strong style="color:#237f9e"><small>☆</small><span class="username" data-name="Contranaut">Contranaut</span>:</strong> <em>wtf calc said it would kill???</em></div><div class="chat chatmessage-contranaut"><strong style="color:#237f9e"><small>☆</small><span class="username" data-name="Contranaut">Contranaut</span>:</strong> <em>I could have just bulked up to win</em></div><div class="chat chatmessage-contranaut"><strong style="color:#237f9e"><small>☆</small><span class="username" data-name="Contranaut">Contranaut</span>:</strong> <em>+1 4 Atk Protosynthesis Great Tusk Headlong Rush vs. 252 HP / 252+ Def Hatterene: 237-280 (74.5 - 88%) -- guaranteed OHKO</em></div><div class="chat chatmessage-contranaut"><strong style="color:#237f9e"><small>☆</small><span class="username" data-name="Contranaut">Contranaut</span>:</strong> <em>like wtf did I do wrong</em></div><div class="chat chatmessage-bunnnies"><strong style="color:#8a36e4"><small> </small><span class="username" data-name="Bunnnies">Bunnnies</span>:</strong> <em>wouldn't you still die to psychic?</em></div><div class="chat chatmessage-contranaut"><strong style="color:#237f9e"><small>☆</small><span class="username" data-name="Contranaut">Contranaut</span>:</strong> <em>do cuz not -1 spd</em></div><div class="chat chatmessage-contranaut"><strong style="color:#237f9e"><small>☆</small><span class="username" data-name="Contranaut">Contranaut</span>:</strong> <em>no</em></div><div class="chat chatmessage-bunnnies"><strong style="color:#8a36e4"><small> </small><span class="username" data-name="Bunnnies">Bunnnies</span>:</strong> <em>ah</em></div><div class="chat chatmessage-contranaut"><strong style="color:#237f9e"><small>☆</small><span class="username" data-name="Contranaut">Contranaut</span>:</strong> <em>wtf set were you</em></div><div class="chat chatmessage-contranaut"><strong style="color:#237f9e"><small>☆</small><span class="username" data-name="Contranaut">Contranaut</span>:</strong> <em>omfg</em></div><div class="chat chatmessage-contranaut"><strong style="color:#237f9e"><small>☆</small><span class="username" data-name="Contranaut">Contranaut</span>:</strong> <em>it used proto in the calc</em></div><div class="chat chatmessage-bunnnies"><strong style="color:#8a36e4"><small> </small><span class="username" data-name="Bunnnies">Bunnnies</span>:</strong> <em>weren't you spe proto?</em></div><div class="chat chatmessage-bunnnies"><strong style="color:#8a36e4"><small> </small><span class="username" data-name="Bunnnies">Bunnnies</span>:</strong> <em>LOL</em></div><div class="chat chatmessage-bunnnies"><strong style="color:#8a36e4"><small> </small><span class="username" data-name="Bunnnies">Bunnnies</span>:</strong> <em>oof</em></div><div class="chat chatmessage-contranaut"><strong style="color:#237f9e"><small>☆</small><span class="username" data-name="Contranaut">Contranaut</span>:</strong> <em>even though literally</em></div><div class="chat chatmessage-contranaut"><strong style="color:#237f9e"><small>☆</small><span class="username" data-name="Contranaut">Contranaut</span>:</strong> <em>I had more speed in calc</em></div><div class="chat chatmessage-contranaut"><strong style="color:#237f9e"><small>☆</small><span class="username" data-name="Contranaut">Contranaut</span>:</strong> <em>like bro</em></div><div class="chat chatmessage-bunnnies"><strong style="color:#8a36e4"><small> </small><span class="username" data-name="Bunnnies">Bunnnies</span>:</strong> <em>oooooof</em></div><div class="chat"><small> imred65 left</small></div><div class="chat chatmessage-contranaut"><strong style="color:#237f9e"><small>☆</small><span class="username" data-name="Contranaut">Contranaut</span>:</strong> <em>and it was still a roll</em></div><div class="chat"><small> CDR Cucumber left</small></div></div><div class="inner-preempt message-log"></div></div></div>
</div>
<script>
let daily = Math.floor(Date.now()/1000/60/60/24);document.write('<script src="https://play.pokemonshowdown.com/js/replay-embed.js?version'+daily+'"></'+'script>');
</script>
