<!DOCTYPE html>
<meta charset="utf-8" />
<!-- version 1 -->
<title>[Gen 9] National Dex replay: 25days vs. Ausxh</title>
<style>
html,body {font-family:Verdana, sans-serif;font-size:10pt;margin:0;padding:0;}body{padding:12px 0;} .battle-log {font-family:Verdana, sans-serif;font-size:10pt;} .battle-log-inline {border:1px solid #AAAAAA;background:#EEF2F5;color:black;max-width:640px;margin:0 auto 80px;padding-bottom:5px;} .battle-log .inner {padding:4px 8px 0px 8px;} .battle-log .inner-preempt {padding:0 8px 4px 8px;} .battle-log .inner-after {margin-top:0.5em;} .battle-log h2 {margin:0.5em -8px;padding:4px 8px;border:1px solid #AAAAAA;background:#E0E7EA;border-left:0;border-right:0;font-family:Verdana, sans-serif;font-size:13pt;} .battle-log .chat {vertical-align:middle;padding:3px 0 3px 0;font-size:8pt;} .battle-log .chat strong {color:#40576A;} .battle-log .chat em {padding:1px 4px 1px 3px;color:#000000;font-style:normal;} .chat.mine {background:rgba(0,0,0,0.05);margin-left:-8px;margin-right:-8px;padding-left:8px;padding-right:8px;} .spoiler {color:#BBBBBB;background:#BBBBBB;padding:0px 3px;} .spoiler:hover, .spoiler:active, .spoiler-shown {color:#000000;background:#E2E2E2;padding:0px 3px;} .spoiler a {color:#BBBBBB;} .spoiler:hover a, .spoiler:active a, .spoiler-shown a {color:#2288CC;} .chat code, .chat .spoiler:hover code, .chat .spoiler:active code, .chat .spoiler-shown code {border:1px solid #C0C0C0;background:#EEEEEE;color:black;padding:0 2px;} .chat .spoiler code {border:1px solid #CCCCCC;background:#CCCCCC;color:#CCCCCC;} .battle-log .rated {padding:3px 4px;} .battle-log .rated strong {color:white;background:#89A;padding:1px 4px;border-radius:4px;} .spacer {margin-top:0.5em;} .message-announce {background:#6688AA;color:white;padding:1px 4px 2px;} .message-announce a, .broadcast-green a, .broadcast-blue a, .broadcast-red a {color:#DDEEFF;} .broadcast-green {background-color:#559955;color:white;padding:2px 4px;} .broadcast-blue {background-color:#6688AA;color:white;padding:2px 4px;} .infobox {border:1px solid #6688AA;padding:2px 4px;} .infobox-limited {max-height:200px;overflow:auto;overflow-x:hidden;} .broadcast-red {background-color:#AA5544;color:white;padding:2px 4px;} .message-learn-canlearn {font-weight:bold;color:#228822;text-decoration:underline;} .message-learn-cannotlearn {font-weight:bold;color:#CC2222;text-decoration:underline;} .message-effect-weak {font-weight:bold;color:#CC2222;} .message-effect-resist {font-weight:bold;color:#6688AA;} .message-effect-immune {font-weight:bold;color:#666666;} .message-learn-list {margin-top:0;margin-bottom:0;} .message-throttle-notice, .message-error {color:#992222;} .message-overflow, .chat small.message-overflow {font-size:0pt;} .message-overflow::before {font-size:9pt;content:'...';} .subtle {color:#3A4A66;}
</style>
<div class="wrapper replay-wrapper" style="max-width:1180px;margin:0 auto">
<input type="hidden" name="replayid" value="gen9nationaldex-2149629198" />
<div class="battle"></div><div class="battle-log"></div><div class="replay-controls"></div><div class="replay-controls-2"></div>
<h1 style="font-weight:normal;text-align:center"><strong>[Gen 9] National Dex</strong><br /><a href="http://pokemonshowdown.com/users/25days" class="subtle" target="_blank">25days</a> vs. <a href="http://pokemonshowdown.com/users/ausxh" class="subtle" target="_blank">Ausxh</a></h1>
<script type="text/plain" class="battle-log-data">
|j|☆25days
|j|☆Ausxh
|t:|1719299199
|gametype|singles
|player|p1|25days|baker|
|player|p2|Ausxh|miku-ground|
|teamsize|p1|6
|teamsize|p2|6
|gen|9
|tier|[Gen 9] National Dex
|rule|HP Percentage Mod: HP is shown in percentages
|rule|Endless Battle Clause: Forcing endless battles is banned
|rule|OHKO Clause: OHKO moves are banned
|rule|Evasion Clause: Evasion abilities, items, and moves are banned
|rule|Evasion Abilities Clause: Evasion abilities are banned
|rule|Evasion Items Clause: Evasion items are banned
|rule|Evasion Moves Clause: Evasion moves are banned
|rule|Species Clause: Limit one of each Pokémon
|rule|Sleep Clause Mod: Limit one foe put to sleep
|clearpoke
|poke|p1|Slowking-Galar, M|
|poke|p1|Cyclizar, F|
|poke|p1|Cetitan, F|
|poke|p1|Chandelure, F|
|poke|p1|Masquerain, M|
|poke|p1|Aggron, M|
|poke|p2|Tapu Koko|
|poke|p2|Zeraora|
|poke|p2|Iron Hands|
|poke|p2|Carracosta, M|
|poke|p2|Cloyster, F|
|poke|p2|Kartana|
|teampreview
|inactive|Battle timer is ON: inactive players will automatically lose when time's up. (requested by Ausxh)
|inactiveoff|Battle timer is now OFF.
|c|☆Ausxh|glgl
|c|☆25days|gllllllllllllllllllllllllllllllllll
|c|☆Ausxh|I'll get the replay after
|j| ksch
|c|☆25days|cheers cuz i dontk now how
|j| DoctaShock
|j| serendipidu
|j| conundromic
|c| conundromic|late battlers
|j| foodss
|c| ksch|are you using that sprite because you are cooking up a victory
|c|☆25days|burning it up
|
|t:|1719299316
|start
|switch|p1a: Iron Candle|Chandelure, F|100\/100
|switch|p2a: Carracosta|Carracosta, M|100\/100
|-item|p1a: Iron Candle|Air Balloon
|turn|1
|c|☆Ausxh|no calc battle is going to be interesting
|j| Phantom0rion
|
|t:|1719299406
|move|p2a: Carracosta|Liquidation|p1a: Iron Candle
|-supereffective|p1a: Iron Candle
|-crit|p1a: Iron Candle
|-damage|p1a: Iron Candle|0 fnt
|-enditem|p1a: Iron Candle|Air Balloon
|faint|p1a: Iron Candle
|
|upkeep
|c|☆Ausxh|ez
|c|☆25days|hey did that crit matter
|c|☆Ausxh|outplayed what can I say
|c|☆Ausxh|idk
|c|☆25days|calcers get on it
|c| DoctaShock|I highly doubt that it di
|c|☆Ausxh|!dt bastiodon
|raw|<div class="message"><ul class="utilichart"><li class="result"><span class="col numcol">RU<\/span> <span class="col iconcol"><psicon pokemon="bastiodon"\/><\/span> <span class="col pokemonnamecol" style="white-space:nowrap"><a href="https:\/\/dex.pokemonshowdown.com\/pokemon\/bastiodon" target="_blank">Bastiodon<\/a><\/span> <span class="col typecol"><img src="https:\/\/play.pokemonshowdown.com\/sprites\/types\/Rock.png" alt="Rock" height="14" width="32"><img src="https:\/\/play.pokemonshowdown.com\/sprites\/types\/Steel.png" alt="Steel" height="14" width="32"><\/span> <span style="float:left;min-height:26px"><span class="col abilitycol">Sturdy<\/span><span class="col abilitycol"><em>Soundproof<\/em><\/span><\/span><span style="float:left;min-height:26px"><span class="col statcol"><em>HP<\/em><br \/>60<\/span> <span class="col statcol"><em>Atk<\/em><br \/>52<\/span> <span class="col statcol"><em>Def<\/em><br \/>168<\/span> <span class="col statcol"><em>SpA<\/em><br \/>47<\/span> <span class="col statcol"><em>SpD<\/em><br \/>138<\/span> <span class="col statcol"><em>Spe<\/em><br \/>30<\/span> <span class="col bstcol"><em>BST<br \/>495<\/em><\/span> <\/span><\/li><li style="clear:both"><\/li><\/ul><\/div>
|raw|<font size="1"><font color="#686868">Dex#:<\/font> 411&nbsp;|&ThickSpace;<font color="#686868">Gen:<\/font> 4&nbsp;|&ThickSpace;<font color="#686868">Height:<\/font> 1.3 m&nbsp;|&ThickSpace;<font color="#686868">Weight:<\/font> 149.5 kg <em>(100 BP)<\/em>&nbsp;|&ThickSpace;<font color="#686868">Dex Colour:<\/font> Gray&nbsp;|&ThickSpace;<font color="#686868">Egg Group(s):<\/font> Monster&nbsp;|&ThickSpace;<font color="#686868">Pre-Evolution:<\/font> Shieldon&nbsp;|&ThickSpace;<font color="#686868">Does Not Evolve<\/font><\/font>

|c|☆Ausxh|!dt aggron
|raw|<div class="message"><ul class="utilichart"><li class="result"><span class="col numcol">RU<\/span> <span class="col iconcol"><psicon pokemon="aggron"\/><\/span> <span class="col pokemonnamecol" style="white-space:nowrap"><a href="https:\/\/dex.pokemonshowdown.com\/pokemon\/aggron" target="_blank">Aggron<\/a><\/span> <span class="col typecol"><img src="https:\/\/play.pokemonshowdown.com\/sprites\/types\/Steel.png" alt="Steel" height="14" width="32"><img src="https:\/\/play.pokemonshowdown.com\/sprites\/types\/Rock.png" alt="Rock" height="14" width="32"><\/span> <span style="float:left;min-height:26px"><span class="col twoabilitycol">Sturdy<br \/>Rock Head<\/span><span class="col abilitycol"><em>Heavy Metal<\/em><\/span><\/span><span style="float:left;min-height:26px"><span class="col statcol"><em>HP<\/em><br \/>70<\/span> <span class="col statcol"><em>Atk<\/em><br \/>110<\/span> <span class="col statcol"><em>Def<\/em><br \/>180<\/span> <span class="col statcol"><em>SpA<\/em><br \/>60<\/span> <span class="col statcol"><em>SpD<\/em><br \/>60<\/span> <span class="col statcol"><em>Spe<\/em><br \/>50<\/span> <span class="col bstcol"><em>BST<br \/>530<\/em><\/span> <\/span><\/li><li style="clear:both"><\/li><\/ul><\/div>
|raw|<font size="1"><font color="#686868">Dex#:<\/font> 306&nbsp;|&ThickSpace;<font color="#686868">Gen:<\/font> 3&nbsp;|&ThickSpace;<font color="#686868">Height:<\/font> 2.1 m&nbsp;|&ThickSpace;<font color="#686868">Weight:<\/font> 360 kg <em>(120 BP)<\/em>&nbsp;|&ThickSpace;<font color="#686868">Dex Colour:<\/font> Gray&nbsp;|&ThickSpace;<font color="#686868">Egg Group(s):<\/font> Monster&nbsp;|&ThickSpace;<font color="#686868">Pre-Evolution:<\/font> Lairon&nbsp;|&ThickSpace;<font color="#686868">Does Not Evolve<\/font><\/font>

|
|t:|1719299501
|switch|p1a: Taiho|Aggron, M|100\/100
|turn|2
|c| conundromic|i love that bastiodon is a meme now
|
|t:|1719299548
|detailschange|p1a: Taiho|Aggron-Mega, M
|-mega|p1a: Taiho|Aggron|Aggronite
|move|p1a: Taiho|Body Press|p2a: Carracosta
|-supereffective|p2a: Carracosta
|-damage|p2a: Carracosta|43\/100
|move|p2a: Carracosta|Stealth Rock|p1a: Taiho
|-sidestart|p1: 25days|move: Stealth Rock
|
|upkeep
|turn|3
|
|t:|1719299645
|move|p2a: Carracosta|Aqua Jet|p1a: Taiho
|-damage|p1a: Taiho|90\/100
|move|p1a: Taiho|Earthquake|p2a: Carracosta
|-supereffective|p2a: Carracosta
|-damage|p2a: Carracosta|0 fnt
|faint|p2a: Carracosta
|
|upkeep
|
|t:|1719299690
|switch|p2a: Iron Hands|Iron Hands|100\/100
|-item|p2a: Iron Hands|Air Balloon
|turn|4
|
|t:|1719299816
|switch|p1a: Cloyster-Galar|Slowking-Galar, M|100\/100
|move|p2a: Iron Hands|Swords Dance|p2a: Iron Hands
|-boost|p2a: Iron Hands|atk|2
|
|upkeep
|turn|5
|c|☆Ausxh|interesting name
|c|☆25days|shell head
|c|☆Ausxh|ah
|
|t:|1719299987
|move|p2a: Iron Hands|Earthquake|p1a: Cloyster-Galar
|-supereffective|p1a: Cloyster-Galar
|-damage|p1a: Cloyster-Galar|0 fnt
|faint|p1a: Cloyster-Galar
|
|upkeep
|
|t:|1719300087
|switch|p1a: Masquerain|Masquerain, M|100\/100
|-damage|p1a: Masquerain|50\/100|[from] Stealth Rock
|-ability|p1a: Masquerain|Intimidate|boost
|-unboost|p2a: Iron Hands|atk|1
|turn|6
|l| conundromic
|
|t:|1719300230
|move|p1a: Masquerain|Haze|p1a: Masquerain
|-clearallboost
|move|p2a: Iron Hands|Iron Head|p1a: Masquerain
|-damage|p1a: Masquerain|0 fnt
|faint|p1a: Masquerain
|
|upkeep
|
|t:|1719300294
|switch|p1a: Taiho|Aggron-Mega, M|90\/100
|-damage|p1a: Taiho|84\/100|[from] Stealth Rock
|turn|7
|
|t:|1719300329
|move|p2a: Iron Hands|Swords Dance|p2a: Iron Hands
|-boost|p2a: Iron Hands|atk|2
|move|p1a: Taiho|Body Press|p2a: Iron Hands
|-damage|p2a: Iron Hands|74\/100
|-enditem|p2a: Iron Hands|Air Balloon
|
|upkeep
|turn|8
|
|t:|1719300395
|move|p2a: Iron Hands|Drain Punch|p1a: Taiho
|-supereffective|p1a: Taiho
|-damage|p1a: Taiho|17\/100
|-heal|p2a: Iron Hands|99\/100|[from] drain|[of] p1a: Taiho
|move|p1a: Taiho|Earthquake|p2a: Iron Hands
|-supereffective|p2a: Iron Hands
|-damage|p2a: Iron Hands|56\/100
|
|upkeep
|turn|9
|l| foodss
|
|t:|1719300475
|move|p2a: Iron Hands|Drain Punch|p1a: Taiho
|-supereffective|p1a: Taiho
|-damage|p1a: Taiho|0 fnt
|-heal|p2a: Iron Hands|62\/100|[from] drain|[of] p1a: Taiho
|faint|p1a: Taiho
|
|upkeep
|
|t:|1719300487
|switch|p1a: Rotom-Cycle|Cyclizar, F, shiny|100\/100
|turn|10
|j| mukmuk1
|l| mukmuk1
|
|t:|1719300537
|move|p1a: Rotom-Cycle|Draco Meteor|p2a: Iron Hands
|-damage|p2a: Iron Hands|31\/100
|-unboost|p1a: Rotom-Cycle|spa|2
|move|p2a: Iron Hands|Drain Punch|p1a: Rotom-Cycle
|-supereffective|p1a: Rotom-Cycle
|-damage|p1a: Rotom-Cycle|0 fnt
|-heal|p2a: Iron Hands|70\/100|[from] drain|[of] p1a: Rotom-Cycle
|faint|p1a: Rotom-Cycle
|
|upkeep
|
|t:|1719300547
|switch|p1a: Belly Drum|Cetitan, F|100\/100
|-damage|p1a: Belly Drum|76\/100|[from] Stealth Rock
|turn|11
|
|t:|1719300619
|move|p1a: Belly Drum|Belly Drum|p1a: Belly Drum
|-damage|p1a: Belly Drum|26\/100
|-setboost|p1a: Belly Drum|atk|6|[from] move: Belly Drum
|-enditem|p1a: Belly Drum|Sitrus Berry|[eat]
|-heal|p1a: Belly Drum|50\/100|[from] item: Sitrus Berry
|move|p2a: Iron Hands|Drain Punch|p1a: Belly Drum
|-supereffective|p1a: Belly Drum
|-damage|p1a: Belly Drum|0 fnt
|-heal|p2a: Iron Hands|96\/100|[from] drain|[of] p1a: Belly Drum
|faint|p1a: Belly Drum
|
|win|Ausxh
|c|☆Ausxh|ggs
|c|☆25days|ggggggggggggggggggggggggggggggggggggg
|c|☆Ausxh|cool names
|c|☆25days|thanks

</script>
</div>
<div class="battle-log battle-log-inline"><div class="inner"><div class="battle-options"></div><div class="inner message-log"><div class="chat"><small>☆25days and ☆Ausxh joined</small></div><div class=""><small>Format:</small> <br><strong>[Gen 9] National Dex</strong></div><div class=""><small><em>HP Percentage Mod:</em> HP is shown in percentages</small></div><div class=""><small><em>Endless Battle Clause:</em> Forcing endless battles is banned</small></div><div class=""><small><em>OHKO Clause:</em> OHKO moves are banned</small></div><div class=""><small><em>Evasion Clause:</em> Evasion abilities, items, and moves are banned</small></div><div class=""><small><em>Evasion Abilities Clause:</em> Evasion abilities are banned</small></div><div class=""><small><em>Evasion Items Clause:</em> Evasion items are banned</small></div><div class=""><small><em>Evasion Moves Clause:</em> Evasion moves are banned</small></div><div class=""><small><em>Species Clause:</em> Limit one of each Pokémon</small></div><div class=""><small><em>Sleep Clause Mod:</em> Limit one foe put to sleep</small></div><div class="chat battle-history"><strong>25days's team:</strong> <em style="color:#445566;display:block;">Slowking-Galar / Cyclizar / Cetitan / Chandelure / Masquerain / Aggron</em></div><div class="chat battle-history"><strong>Ausxh's team:</strong> <em style="color:#445566;display:block;">Tapu Koko / Zeraora / Iron Hands / Carracosta / Cloyster / Kartana</em></div><div class="chat message-error">Battle timer is ON: inactive players will automatically lose when time's up. (requested by Ausxh)</div><div class="chat message-error">Battle timer is now OFF.</div><div class="chat chatmessage-ausxh"><strong style="color:#1d7ab4"><small>☆</small><span class="username" data-name="Ausxh">Ausxh</span>:</strong> <em>glgl</em></div><div class="chat chatmessage-25days"><strong style="color:#bc4b7c"><small>☆</small><span class="username" data-name="25days">25days</span>:</strong> <em>gllllllllllllllllllllllllllllllllll</em></div><div class="chat chatmessage-ausxh"><strong style="color:#1d7ab4"><small>☆</small><span class="username" data-name="Ausxh">Ausxh</span>:</strong> <em>I'll get the replay after</em></div><div class="chat"><small> ksch joined</small></div><div class="chat chatmessage-25days"><strong style="color:#bc4b7c"><small>☆</small><span class="username" data-name="25days">25days</span>:</strong> <em>cheers cuz i dontk now how</em></div><div class="chat"><small> DoctaShock,  serendipidu, and  conundromic joined</small></div><div class="chat chatmessage-conundromic"><strong style="color:#2d8875"><small> </small><span class="username" data-name="conundromic">conundromic</span>:</strong> <em>late battlers</em></div><div class="chat"><small> foodss joined</small></div><div class="chat chatmessage-ksch"><strong style="color:#1db7b9"><small> </small><span class="username" data-name="ksch">ksch</span>:</strong> <em>are you using that sprite because you are cooking up a victory</em></div><div class="chat chatmessage-25days"><strong style="color:#bc4b7c"><small>☆</small><span class="username" data-name="25days">25days</span>:</strong> <em>burning it up</em></div><div class="spacer battle-history"><br></div><div class="battle-history">Battle started between 25days and Ausxh!<br></div><div class="spacer battle-history"><br></div><div class="battle-history">Go! Iron Candle (<strong>Chandelure</strong>)!<br></div><div class="spacer battle-history"><br></div><div class="battle-history">Ausxh sent out <strong>Carracosta</strong>!<br></div><div class="battle-history"><small>Iron Candle floats in the air with its Air Balloon!</small><br></div><div class="spacer battle-history"><br></div><h2 class="battle-history">Turn 1</h2><div class="chat chatmessage-ausxh"><strong style="color:#1d7ab4"><small>☆</small><span class="username" data-name="Ausxh">Ausxh</span>:</strong> <em>no calc battle is going to be interesting</em></div><div class="chat"><small> Phantom0rion joined</small></div><div class="spacer battle-history"><br></div><div class="battle-history">The opposing Carracosta used <strong>Liquidation</strong>!<br></div><div class="battle-history"><small>It's super effective!</small><br></div><div class="battle-history"><small>A critical hit!</small><br></div><div class="battle-history"><small>(Iron Candle lost 100% of its health!)</small><br></div><div class="battle-history"><small>Iron Candle's Air Balloon popped!</small><br></div><div class="spacer battle-history"><br></div><div class="battle-history">Iron Candle fainted!<br></div><div class="chat chatmessage-ausxh"><strong style="color:#1d7ab4"><small>☆</small><span class="username" data-name="Ausxh">Ausxh</span>:</strong> <em>ez</em></div><div class="chat chatmessage-25days"><strong style="color:#bc4b7c"><small>☆</small><span class="username" data-name="25days">25days</span>:</strong> <em>hey did that crit matter</em></div><div class="chat chatmessage-ausxh"><strong style="color:#1d7ab4"><small>☆</small><span class="username" data-name="Ausxh">Ausxh</span>:</strong> <em>outplayed what can I say</em></div><div class="chat chatmessage-ausxh"><strong style="color:#1d7ab4"><small>☆</small><span class="username" data-name="Ausxh">Ausxh</span>:</strong> <em>idk</em></div><div class="chat chatmessage-25days"><strong style="color:#bc4b7c"><small>☆</small><span class="username" data-name="25days">25days</span>:</strong> <em>calcers get on it</em></div><div class="chat chatmessage-doctashock"><strong style="color:#15a4c7"><small> </small><span class="username" data-name="DoctaShock">DoctaShock</span>:</strong> <em>I highly doubt that it di</em></div><div class="chat chatmessage-ausxh"><strong style="color:#1d7ab4"><small>☆</small><span class="username" data-name="Ausxh">Ausxh</span>:</strong> <em>!dt bastiodon</em></div><div class="chat"><div class="message"><ul class="utilichart"><li class="result"><span class="col numcol">RU</span> <span class="col iconcol"><span class="picon"></span></span> <span class="col pokemonnamecol"><a href="https://dex.pokemonshowdown.com/pokemon/bastiodon" target="_blank" rel="noopener">Bastiodon</a></span> <span class="col typecol"><img src="https://play.pokemonshowdown.com/sprites/types/Rock.png" alt="Rock" height="14" width="32"><img src="https://play.pokemonshowdown.com/sprites/types/Steel.png" alt="Steel" height="14" width="32"></span> <span><span class="col abilitycol">Sturdy</span><span class="col abilitycol"><em>Soundproof</em></span></span><span><span class="col statcol"><em>HP</em><br>60</span> <span class="col statcol"><em>Atk</em><br>52</span> <span class="col statcol"><em>Def</em><br>168</span> <span class="col statcol"><em>SpA</em><br>47</span> <span class="col statcol"><em>SpD</em><br>138</span> <span class="col statcol"><em>Spe</em><br>30</span> <span class="col bstcol"><em>BST<br>495</em></span> </span></li><li></li></ul></div></div><div class="chat"><font size="1"><font color="#686868">Dex#:</font> 411&nbsp;|  <font color="#686868">Gen:</font> 4&nbsp;|  <font color="#686868">Height:</font> 1.3 m&nbsp;|  <font color="#686868">Weight:</font> 149.5 kg <em>(100 BP)</em>&nbsp;|  <font color="#686868">Dex Colour:</font> Gray&nbsp;|  <font color="#686868">Egg Group(s):</font> Monster&nbsp;|  <font color="#686868">Pre-Evolution:</font> Shieldon&nbsp;|  <font color="#686868">Does Not Evolve</font></font></div><div class="chat chatmessage-ausxh"><strong style="color:#1d7ab4"><small>☆</small><span class="username" data-name="Ausxh">Ausxh</span>:</strong> <em>!dt aggron</em></div><div class="chat"><div class="message"><ul class="utilichart"><li class="result"><span class="col numcol">RU</span> <span class="col iconcol"><span class="picon"></span></span> <span class="col pokemonnamecol"><a href="https://dex.pokemonshowdown.com/pokemon/aggron" target="_blank" rel="noopener">Aggron</a></span> <span class="col typecol"><img src="https://play.pokemonshowdown.com/sprites/types/Steel.png" alt="Steel" height="14" width="32"><img src="https://play.pokemonshowdown.com/sprites/types/Rock.png" alt="Rock" height="14" width="32"></span> <span><span class="col twoabilitycol">Sturdy<br>Rock Head</span><span class="col abilitycol"><em>Heavy Metal</em></span></span><span><span class="col statcol"><em>HP</em><br>70</span> <span class="col statcol"><em>Atk</em><br>110</span> <span class="col statcol"><em>Def</em><br>180</span> <span class="col statcol"><em>SpA</em><br>60</span> <span class="col statcol"><em>SpD</em><br>60</span> <span class="col statcol"><em>Spe</em><br>50</span> <span class="col bstcol"><em>BST<br>530</em></span> </span></li><li></li></ul></div></div><div class="chat"><font size="1"><font color="#686868">Dex#:</font> 306&nbsp;|  <font color="#686868">Gen:</font> 3&nbsp;|  <font color="#686868">Height:</font> 2.1 m&nbsp;|  <font color="#686868">Weight:</font> 360 kg <em>(120 BP)</em>&nbsp;|  <font color="#686868">Dex Colour:</font> Gray&nbsp;|  <font color="#686868">Egg Group(s):</font> Monster&nbsp;|  <font color="#686868">Pre-Evolution:</font> Lairon&nbsp;|  <font color="#686868">Does Not Evolve</font></font></div><div class="spacer battle-history"><br></div><div class="battle-history">Go! Taiho (<strong>Aggron</strong>)!<br></div><div class="spacer battle-history"><br></div><h2 class="battle-history">Turn 2</h2><div class="chat chatmessage-conundromic"><strong style="color:#2d8875"><small> </small><span class="username" data-name="conundromic">conundromic</span>:</strong> <em>i love that bastiodon is a meme now</em></div><div class="spacer battle-history"><br></div><div class="battle-history"><small>Taiho's Aggronite is reacting to the Key Stone!</small><br>Taiho has Mega Evolved into Mega Aggron!<br></div><div class="spacer battle-history"><br></div><div class="battle-history">Taiho used <strong>Body Press</strong>!<br></div><div class="battle-history"><small>It's super effective!</small><br></div><div class="battle-history"><small>(The opposing Carracosta lost 57% of its health!)</small><br></div><div class="spacer battle-history"><br></div><div class="battle-history">The opposing Carracosta used <strong>Stealth Rock</strong>!<br></div><div class="battle-history"><small>Pointed stones float in the air around your team!</small><br></div><div class="spacer battle-history"><br></div><h2 class="battle-history">Turn 3</h2><div class="spacer battle-history"><br></div><div class="battle-history">The opposing Carracosta used <strong>Aqua Jet</strong>!<br></div><div class="battle-history"><small>(Taiho lost 10% of its health!)</small><br></div><div class="spacer battle-history"><br></div><div class="battle-history">Taiho used <strong>Earthquake</strong>!<br></div><div class="battle-history"><small>It's super effective!</small><br></div><div class="battle-history"><small>(The opposing Carracosta lost 43% of its health!)</small><br></div><div class="spacer battle-history"><br></div><div class="battle-history">The opposing Carracosta fainted!<br></div><div class="spacer battle-history"><br></div><div class="battle-history">Ausxh sent out <strong>Iron Hands</strong>!<br></div><div class="battle-history"><small>The opposing Iron Hands floats in the air with its Air Balloon!</small><br></div><div class="spacer battle-history"><br></div><h2 class="battle-history">Turn 4</h2><div class="spacer battle-history"><br></div><div class="battle-history">Taiho, come back!<br></div><div class="battle-history">Go! Cloyster-Galar (<strong>Slowking-Galar</strong>)!<br></div><div class="spacer battle-history"><br></div><div class="battle-history">The opposing Iron Hands used <strong>Swords Dance</strong>!<br></div><div class="battle-history"><small>The opposing Iron Hands's Attack rose sharply!</small><br></div><div class="spacer battle-history"><br></div><h2 class="battle-history">Turn 5</h2><div class="chat chatmessage-ausxh"><strong style="color:#1d7ab4"><small>☆</small><span class="username" data-name="Ausxh">Ausxh</span>:</strong> <em>interesting name</em></div><div class="chat chatmessage-25days"><strong style="color:#bc4b7c"><small>☆</small><span class="username" data-name="25days">25days</span>:</strong> <em>shell head</em></div><div class="chat chatmessage-ausxh"><strong style="color:#1d7ab4"><small>☆</small><span class="username" data-name="Ausxh">Ausxh</span>:</strong> <em>ah</em></div><div class="spacer battle-history"><br></div><div class="battle-history">The opposing Iron Hands used <strong>Earthquake</strong>!<br></div><div class="battle-history"><small>It's super effective!</small><br></div><div class="battle-history"><small>(Cloyster-Galar lost 100% of its health!)</small><br></div><div class="spacer battle-history"><br></div><div class="battle-history">Cloyster-Galar fainted!<br></div><div class="spacer battle-history"><br></div><div class="battle-history">Go! <strong>Masquerain</strong>!<br></div><div class="battle-history"><small>Pointed stones dug into Masquerain!</small><br></div><div class="battle-history">[Masquerain's Intimidate]<br></div><div class="battle-history"><small>The opposing Iron Hands's Attack fell!</small><br></div><div class="spacer battle-history"><br></div><h2 class="battle-history">Turn 6</h2><div class="chat"><small> conundromic left</small></div><div class="spacer battle-history"><br></div><div class="battle-history">Masquerain used <strong>Haze</strong>!<br></div><div class="battle-history"><small>All stat changes were eliminated!</small><br></div><div class="spacer battle-history"><br></div><div class="battle-history">The opposing Iron Hands used <strong>Iron Head</strong>!<br></div><div class="battle-history"><small>(Masquerain lost 50% of its health!)</small><br></div><div class="spacer battle-history"><br></div><div class="battle-history">Masquerain fainted!<br></div><div class="spacer battle-history"><br></div><div class="battle-history">Go! Taiho (<strong>Aggron-Mega</strong>)!<br></div><div class="battle-history"><small>Pointed stones dug into Taiho!</small><br></div><div class="spacer battle-history"><br></div><h2 class="battle-history">Turn 7</h2><div class="spacer battle-history"><br></div><div class="battle-history">The opposing Iron Hands used <strong>Swords Dance</strong>!<br></div><div class="battle-history"><small>The opposing Iron Hands's Attack rose sharply!</small><br></div><div class="spacer battle-history"><br></div><div class="battle-history">Taiho used <strong>Body Press</strong>!<br></div><div class="battle-history"><small>(The opposing Iron Hands lost 26% of its health!)</small><br></div><div class="battle-history"><small>The opposing Iron Hands's Air Balloon popped!</small><br></div><div class="spacer battle-history"><br></div><h2 class="battle-history">Turn 8</h2><div class="spacer battle-history"><br></div><div class="battle-history">The opposing Iron Hands used <strong>Drain Punch</strong>!<br></div><div class="battle-history"><small>It's super effective!</small><br></div><div class="battle-history"><small>(Taiho lost 67% of its health!)</small><br></div><div class="battle-history"><small>Taiho had its energy drained!</small><br></div><div class="spacer battle-history"><br></div><div class="battle-history">Taiho used <strong>Earthquake</strong>!<br></div><div class="battle-history"><small>It's super effective!</small><br></div><div class="battle-history"><small>(The opposing Iron Hands lost 43% of its health!)</small><br></div><div class="spacer battle-history"><br></div><h2 class="battle-history">Turn 9</h2><div class="chat"><small> foodss left</small></div><div class="spacer battle-history"><br></div><div class="battle-history">The opposing Iron Hands used <strong>Drain Punch</strong>!<br></div><div class="battle-history"><small>It's super effective!</small><br></div><div class="battle-history"><small>(Taiho lost 17% of its health!)</small><br></div><div class="battle-history"><small>Taiho had its energy drained!</small><br></div><div class="spacer battle-history"><br></div><div class="battle-history">Taiho fainted!<br></div><div class="spacer battle-history"><br></div><div class="battle-history">Go! Rotom-Cycle (<strong>Cyclizar</strong>)!<br></div><div class="spacer battle-history"><br></div><h2 class="battle-history">Turn 10</h2><div class="chat"><small> mukmuk1 joined;  mukmuk1 left</small></div><div class="spacer battle-history"><br></div><div class="battle-history">Rotom-Cycle used <strong>Draco Meteor</strong>!<br></div><div class="battle-history"><small>(The opposing Iron Hands lost 31% of its health!)</small><br></div><div class="battle-history"><small>Rotom-Cycle's Sp. Atk fell harshly!</small><br></div><div class="spacer battle-history"><br></div><div class="battle-history">The opposing Iron Hands used <strong>Drain Punch</strong>!<br></div><div class="battle-history"><small>It's super effective!</small><br></div><div class="battle-history"><small>(Rotom-Cycle lost 100% of its health!)</small><br></div><div class="battle-history"><small>Rotom-Cycle had its energy drained!</small><br></div><div class="spacer battle-history"><br></div><div class="battle-history">Rotom-Cycle fainted!<br></div><div class="spacer battle-history"><br></div><div class="battle-history">Go! Belly Drum (<strong>Cetitan</strong>)!<br></div><div class="battle-history"><small>Pointed stones dug into Belly Drum!</small><br></div><div class="spacer battle-history"><br></div><h2 class="battle-history">Turn 11</h2><div class="spacer battle-history"><br></div><div class="battle-history">Belly Drum used <strong>Belly Drum</strong>!<br></div><div class="battle-history"><small>(Belly Drum lost 50% of its health!)</small><br></div><div class="battle-history"><small>Belly Drum cut its own HP and maximized its Attack!</small><br></div><div class="battle-history"><small>(Belly Drum ate its Sitrus Berry!)</small><br></div><div class="battle-history"><small>Belly Drum restored HP using its Sitrus Berry!</small><br></div><div class="spacer battle-history"><br></div><div class="battle-history">The opposing Iron Hands used <strong>Drain Punch</strong>!<br></div><div class="battle-history"><small>It's super effective!</small><br></div><div class="battle-history"><small>(Belly Drum lost 50% of its health!)</small><br></div><div class="battle-history"><small>Belly Drum had its energy drained!</small><br></div><div class="spacer battle-history"><br></div><div class="battle-history">Belly Drum fainted!<br></div><div class="spacer battle-history"><br></div><div class="battle-history"><strong>Ausxh</strong> won the battle!<br></div><div class="chat chatmessage-ausxh"><strong style="color:#1d7ab4"><small>☆</small><span class="username" data-name="Ausxh">Ausxh</span>:</strong> <em>ggs</em></div><div class="chat chatmessage-25days"><strong style="color:#bc4b7c"><small>☆</small><span class="username" data-name="25days">25days</span>:</strong> <em>ggggggggggggggggggggggggggggggggggggg</em></div><div class="chat chatmessage-ausxh"><strong style="color:#1d7ab4"><small>☆</small><span class="username" data-name="Ausxh">Ausxh</span>:</strong> <em>cool names</em></div><div class="chat chatmessage-25days"><strong style="color:#bc4b7c"><small>☆</small><span class="username" data-name="25days">25days</span>:</strong> <em>thanks</em></div></div><div class="inner-preempt message-log"></div></div></div>
</div>
<script>
let daily = Math.floor(Date.now()/1000/60/60/24);document.write('<script src="https://play.pokemonshowdown.com/js/replay-embed.js?version'+daily+'"></'+'script>');
</script>
