<!DOCTYPE html>
<meta charset="utf-8" />
<!-- version 1 -->
<title>[Gen 9] NatDex Draft replay: foodss vs. imred65</title>
<style>
html,body {font-family:Verdana, sans-serif;font-size:10pt;margin:0;padding:0;}body{padding:12px 0;} .battle-log {font-family:Verdana, sans-serif;font-size:10pt;} .battle-log-inline {border:1px solid #AAAAAA;background:#EEF2F5;color:black;max-width:640px;margin:0 auto 80px;padding-bottom:5px;} .battle-log .inner {padding:4px 8px 0px 8px;} .battle-log .inner-preempt {padding:0 8px 4px 8px;} .battle-log .inner-after {margin-top:0.5em;} .battle-log h2 {margin:0.5em -8px;padding:4px 8px;border:1px solid #AAAAAA;background:#E0E7EA;border-left:0;border-right:0;font-family:Verdana, sans-serif;font-size:13pt;} .battle-log .chat {vertical-align:middle;padding:3px 0 3px 0;font-size:8pt;} .battle-log .chat strong {color:#40576A;} .battle-log .chat em {padding:1px 4px 1px 3px;color:#000000;font-style:normal;} .chat.mine {background:rgba(0,0,0,0.05);margin-left:-8px;margin-right:-8px;padding-left:8px;padding-right:8px;} .spoiler {color:#BBBBBB;background:#BBBBBB;padding:0px 3px;} .spoiler:hover, .spoiler:active, .spoiler-shown {color:#000000;background:#E2E2E2;padding:0px 3px;} .spoiler a {color:#BBBBBB;} .spoiler:hover a, .spoiler:active a, .spoiler-shown a {color:#2288CC;} .chat code, .chat .spoiler:hover code, .chat .spoiler:active code, .chat .spoiler-shown code {border:1px solid #C0C0C0;background:#EEEEEE;color:black;padding:0 2px;} .chat .spoiler code {border:1px solid #CCCCCC;background:#CCCCCC;color:#CCCCCC;} .battle-log .rated {padding:3px 4px;} .battle-log .rated strong {color:white;background:#89A;padding:1px 4px;border-radius:4px;} .spacer {margin-top:0.5em;} .message-announce {background:#6688AA;color:white;padding:1px 4px 2px;} .message-announce a, .broadcast-green a, .broadcast-blue a, .broadcast-red a {color:#DDEEFF;} .broadcast-green {background-color:#559955;color:white;padding:2px 4px;} .broadcast-blue {background-color:#6688AA;color:white;padding:2px 4px;} .infobox {border:1px solid #6688AA;padding:2px 4px;} .infobox-limited {max-height:200px;overflow:auto;overflow-x:hidden;} .broadcast-red {background-color:#AA5544;color:white;padding:2px 4px;} .message-learn-canlearn {font-weight:bold;color:#228822;text-decoration:underline;} .message-learn-cannotlearn {font-weight:bold;color:#CC2222;text-decoration:underline;} .message-effect-weak {font-weight:bold;color:#CC2222;} .message-effect-resist {font-weight:bold;color:#6688AA;} .message-effect-immune {font-weight:bold;color:#666666;} .message-learn-list {margin-top:0;margin-bottom:0;} .message-throttle-notice, .message-error {color:#992222;} .message-overflow, .chat small.message-overflow {font-size:0pt;} .message-overflow::before {font-size:9pt;content:'...';} .subtle {color:#3A4A66;}
</style>
<div class="wrapper replay-wrapper" style="max-width:1180px;margin:0 auto">
<input type="hidden" name="replayid" value="gen9natdexdraft-2149445988" />
<div class="battle"></div><div class="battle-log"></div><div class="replay-controls"></div><div class="replay-controls-2"></div>
<h1 style="font-weight:normal;text-align:center"><strong>[Gen 9] NatDex Draft</strong><br /><a href="http://pokemonshowdown.com/users/foodss" class="subtle" target="_blank">foodss</a> vs. <a href="http://pokemonshowdown.com/users/imred65" class="subtle" target="_blank">imred65</a></h1>
<script type="text/plain" class="battle-log-data">
|j|☆foodss
|j|☆imred65
|t:|1719270548
|gametype|singles
|player|p1|foodss|wikstrom|
|player|p2|imred65|red-masters|
|teamsize|p1|6
|teamsize|p2|6
|gen|9
|tier|[Gen 9] NatDex Draft
|rule|Sleep Clause Mod: Limit one foe put to sleep
|rule|OHKO Clause: OHKO moves are banned
|rule|Evasion Clause: Evasion abilities, items, and moves are banned
|rule|Evasion Abilities Clause: Evasion abilities are banned
|rule|Evasion Items Clause: Evasion items are banned
|rule|Evasion Moves Clause: Evasion moves are banned
|rule|Endless Battle Clause: Forcing endless battles is banned
|rule|HP Percentage Mod: HP is shown in percentages
|clearpoke
|poke|p1|Latios, M|
|poke|p1|Durant, M|
|poke|p1|Sableye, M|
|poke|p1|Kleavor, M|
|poke|p1|Pawmot, F|
|poke|p1|Incineroar, F|
|poke|p2|Garchomp, M|
|poke|p2|Deoxys-Speed|
|poke|p2|Primarina, F|
|poke|p2|Nihilego|
|poke|p2|Moltres|
|poke|p2|Revavroom, M|
|teampreview
|j| DyegoFra
|j| Phantom0rion
|j| serendipidu
|j| ChillerFrost
|j| conundromic
|
|t:|1719270606
|start
|switch|p1a: Kleavor|Kleavor, M|100\/100
|switch|p2a: Kachow|Deoxys-Speed|100\/100
|-ability|p2a: Kachow|Pressure
|turn|1
|
|t:|1719270624
|move|p1a: Kleavor|U-turn|p2a: Kachow
|-supereffective|p2a: Kachow
|-damage|p2a: Kachow|17\/100
|
|t:|1719270633
|switch|p1a: Tingus Pingus|Incineroar, F|100\/100|[from] U-turn
|-ability|p1a: Tingus Pingus|Intimidate|boost
|-unboost|p2a: Kachow|atk|1
|move|p2a: Kachow|Reflect|p2a: Kachow
|-sidestart|p2: imred65|Reflect
|
|upkeep
|turn|2
|
|t:|1719270642
|move|p2a: Kachow|Safeguard|p2a: Kachow
|-sidestart|p2: imred65|Safeguard
|move|p1a: Tingus Pingus|Knock Off|p2a: Kachow
|-supereffective|p2a: Kachow
|-damage|p2a: Kachow|0 fnt
|-enditem|p2a: Kachow|Light Clay|[from] move: Knock Off|[of] p1a: Tingus Pingus
|faint|p2a: Kachow
|
|upkeep
|
|t:|1719270663
|switch|p2a: Weels|Revavroom, M, shiny|100\/100
|turn|3
|
|t:|1719270676
|-terastallize|p2a: Weels|Ground
|move|p2a: Weels|Shift Gear|p2a: Weels
|-boost|p2a: Weels|spe|2
|-boost|p2a: Weels|atk|1
|move|p1a: Tingus Pingus|Parting Shot|p2a: Weels
|-fail|p2a: Weels|unboost|[from] item: Clear Amulet|[of] p2a: Weels
|
|upkeep
|turn|4
|l| conundromic
|j| conundromic
|
|t:|1719270705
|switch|p1a: Latios|Latios, M|100\/100
|move|p2a: Weels|High Horsepower|p1a: Latios
|-immune|p1a: Latios|[from] ability: Levitate
|
|upkeep
|turn|5
|
|t:|1719270712
|move|p2a: Weels|Gunk Shot|p1a: Latios
|-damage|p1a: Latios|0 fnt
|faint|p1a: Latios
|
|upkeep
|
|t:|1719270751
|switch|p1a: ppunhcs|Pawmot, F|100\/100
|turn|6
|
|t:|1719270805
|move|p2a: Weels|High Horsepower|p1a: ppunhcs
|-supereffective|p1a: ppunhcs
|-damage|p1a: ppunhcs|0 fnt
|faint|p1a: ppunhcs
|
|-sideend|p2: imred65|Safeguard
|upkeep
|
|t:|1719270812
|switch|p1a: Sableye|Sableye, M|100\/100
|turn|7
|
|t:|1719270865
|switch|p2a: Showtime|Primarina, F, shiny|100\/100
|move|p1a: Sableye|Will-O-Wisp|p2a: Showtime|[miss]
|-miss|p1a: Sableye|p2a: Showtime
|
|upkeep
|turn|8
|j| Ausxh
|
|t:|1719270929
|move|p1a: Sableye|Taunt|p2a: Showtime
|-start|p2a: Showtime|move: Taunt
|move|p2a: Showtime|Moonblast|p1a: Sableye
|-supereffective|p1a: Sableye
|-damage|p1a: Sableye|0 fnt
|faint|p1a: Sableye
|
|-sideend|p2: imred65|Reflect
|upkeep
|
|t:|1719270936
|switch|p1a: Durant|Durant, M|100\/100
|turn|9
|l| Phantom0rion
|j| Phantom0rion
|
|t:|1719270969
|move|p1a: Durant|Iron Head|p2a: Showtime
|-damage|p2a: Showtime|11\/100
|-damage|p1a: Durant|91\/100|[from] item: Life Orb
|cant|p2a: Showtime|flinch
|
|upkeep
|turn|10
|
|t:|1719270977
|switch|p2a: 3 pc|Moltres|100\/100
|move|p1a: Durant|Iron Head|p2a: 3 pc
|-resisted|p2a: 3 pc
|-damage|p2a: 3 pc|66\/100
|-status|p1a: Durant|brn|[from] ability: Flame Body|[of] p2a: 3 pc
|-damage|p1a: Durant|81\/100 brn|[from] item: Life Orb
|
|-damage|p1a: Durant|75\/100 brn|[from] brn
|upkeep
|turn|11
|j| ksch
|
|t:|1719271008
|switch|p2a: Weels|Revavroom, M, shiny, tera:Ground|100\/100
|move|p1a: Durant|Rock Slide|p2a: Weels
|-resisted|p2a: Weels
|-damage|p2a: Weels|88\/100
|-damage|p1a: Durant|65\/100 brn|[from] item: Life Orb
|
|-damage|p1a: Durant|59\/100 brn|[from] brn
|upkeep
|turn|12
|
|t:|1719271025
|move|p1a: Durant|Iron Head|p2a: Weels
|-damage|p2a: Weels|46\/100
|-damage|p1a: Durant|49\/100 brn|[from] item: Life Orb
|move|p2a: Weels|Shift Gear|p2a: Weels
|-boost|p2a: Weels|spe|2
|-boost|p2a: Weels|atk|1
|
|-damage|p1a: Durant|43\/100 brn|[from] brn
|upkeep
|turn|13
|
|t:|1719271036
|move|p2a: Weels|High Horsepower|p1a: Durant
|-damage|p1a: Durant|0 fnt
|faint|p1a: Durant
|
|upkeep
|
|t:|1719271044
|switch|p1a: Kleavor|Kleavor, M|100\/100
|turn|14
|j| DoctaShock
|
|t:|1719271070
|move|p2a: Weels|Iron Head|p1a: Kleavor
|-supereffective|p1a: Kleavor
|-damage|p1a: Kleavor|0 fnt
|faint|p1a: Kleavor
|
|upkeep
|
|t:|1719271075
|switch|p1a: Tingus Pingus|Incineroar, F|100\/100
|-ability|p1a: Tingus Pingus|Intimidate|boost
|-fail|p2a: Weels|unboost|[from] item: Clear Amulet|[of] p2a: Weels
|turn|15
|
|t:|1719271086
|move|p2a: Weels|High Horsepower|p1a: Tingus Pingus
|-supereffective|p1a: Tingus Pingus
|-damage|p1a: Tingus Pingus|0 fnt
|faint|p1a: Tingus Pingus
|
|win|imred65
|c|☆imred65|gg
|c|☆foodss|gg
|j| tomkeap
|l|☆foodss
|player|p1|

</script>
</div>
<div class="battle-log battle-log-inline"><div class="inner"><div class="battle-options"></div><div class="inner message-log"><div class="chat"><small>☆foodss and ☆imred65 joined</small></div><div class=""><small>Format:</small> <br><strong>[Gen 9] NatDex Draft</strong></div><div class=""><small><em>Sleep Clause Mod:</em> Limit one foe put to sleep</small></div><div class=""><small><em>OHKO Clause:</em> OHKO moves are banned</small></div><div class=""><small><em>Evasion Clause:</em> Evasion abilities, items, and moves are banned</small></div><div class=""><small><em>Evasion Abilities Clause:</em> Evasion abilities are banned</small></div><div class=""><small><em>Evasion Items Clause:</em> Evasion items are banned</small></div><div class=""><small><em>Evasion Moves Clause:</em> Evasion moves are banned</small></div><div class=""><small><em>Endless Battle Clause:</em> Forcing endless battles is banned</small></div><div class=""><small><em>HP Percentage Mod:</em> HP is shown in percentages</small></div><div class="chat battle-history"><strong>foodss's team:</strong> <em style="color:#445566;display:block;">Latios / Durant / Sableye / Kleavor / Pawmot / Incineroar</em></div><div class="chat battle-history"><strong>imred65's team:</strong> <em style="color:#445566;display:block;">Garchomp / Deoxys-Speed / Primarina / Nihilego / Moltres / Revavroom</em></div><div class="chat"><small> DyegoFra,  Phantom0rion,  serendipidu,  ChillerFrost, and  conundromic joined</small></div><div class="spacer battle-history"><br></div><div class="battle-history">Battle started between foodss and imred65!<br></div><div class="spacer battle-history"><br></div><div class="battle-history">Go! <strong>Kleavor</strong>!<br></div><div class="spacer battle-history"><br></div><div class="battle-history">imred65 sent out Kachow (<strong>Deoxys-Speed</strong>)!<br></div><div class="battle-history">[The opposing Kachow's Pressure]<br><small>The opposing Kachow is exerting its pressure!</small><br></div><div class="spacer battle-history"><br></div><h2 class="battle-history">Turn 1</h2><div class="spacer battle-history"><br></div><div class="battle-history">Kleavor used <strong>U-turn</strong>!<br></div><div class="battle-history"><small>It's super effective!</small><br></div><div class="battle-history"><small>(The opposing Kachow lost 83% of its health!)</small><br></div><div class="spacer battle-history"><br></div><div class="battle-history">Kleavor went back to foodss!<br></div><div class="battle-history">Go! Tingus Pingus (<strong>Incineroar</strong>)!<br></div><div class="battle-history">[Tingus Pingus's Intimidate]<br></div><div class="battle-history"><small>The opposing Kachow's Attack fell!</small><br></div><div class="spacer battle-history"><br></div><div class="battle-history">The opposing Kachow used <strong>Reflect</strong>!<br></div><div class="battle-history"><small>Reflect made the opposing team stronger against physical moves!</small><br></div><div class="spacer battle-history"><br></div><h2 class="battle-history">Turn 2</h2><div class="spacer battle-history"><br></div><div class="battle-history">The opposing Kachow used <strong>Safeguard</strong>!<br></div><div class="battle-history"><small>The opposing team cloaked itself in a mystical veil!</small><br></div><div class="spacer battle-history"><br></div><div class="battle-history">Tingus Pingus used <strong>Knock Off</strong>!<br></div><div class="battle-history"><small>It's super effective!</small><br></div><div class="battle-history"><small>(The opposing Kachow lost 17% of its health!)</small><br></div><div class="battle-history"><small>Tingus Pingus knocked off the opposing Kachow's Light Clay!</small><br></div><div class="spacer battle-history"><br></div><div class="battle-history">The opposing Kachow fainted!<br></div><div class="spacer battle-history"><br></div><div class="battle-history">imred65 sent out Weels (<strong>Revavroom</strong>)!<br></div><div class="spacer battle-history"><br></div><h2 class="battle-history">Turn 3</h2><div class="spacer battle-history"><br></div><div class="battle-history"><small>The opposing Weels has Terastallized into the Ground-type!</small><br></div><div class="spacer battle-history"><br></div><div class="battle-history">The opposing Weels used <strong>Shift Gear</strong>!<br></div><div class="battle-history"><small>The opposing Weels's Speed rose sharply!</small><br></div><div class="battle-history"><small>The opposing Weels's Attack rose!</small><br></div><div class="spacer battle-history"><br></div><div class="battle-history">Tingus Pingus used <strong>Parting Shot</strong>!<br></div><div class="battle-history"><small>The effects of the opposing Weels's Clear Amulet prevent its stats from being lowered!</small><br></div><div class="spacer battle-history"><br></div><h2 class="battle-history">Turn 4</h2><div class="chat"><small></small></div><div class="spacer battle-history"><br></div><div class="battle-history">Tingus Pingus, come back!<br></div><div class="battle-history">Go! <strong>Latios</strong>!<br></div><div class="spacer battle-history"><br></div><div class="battle-history">The opposing Weels used <strong>High Horsepower</strong>!<br></div><div class="battle-history">[Latios's Levitate]<br><small>It doesn't affect Latios...</small><br></div><div class="spacer battle-history"><br></div><h2 class="battle-history">Turn 5</h2><div class="spacer battle-history"><br></div><div class="battle-history">The opposing Weels used <strong>Gunk Shot</strong>!<br></div><div class="battle-history"><small>(Latios lost 100% of its health!)</small><br></div><div class="spacer battle-history"><br></div><div class="battle-history">Latios fainted!<br></div><div class="spacer battle-history"><br></div><div class="battle-history">Go! ppunhcs (<strong>Pawmot</strong>)!<br></div><div class="spacer battle-history"><br></div><h2 class="battle-history">Turn 6</h2><div class="spacer battle-history"><br></div><div class="battle-history">The opposing Weels used <strong>High Horsepower</strong>!<br></div><div class="battle-history"><small>It's super effective!</small><br></div><div class="battle-history"><small>(ppunhcs lost 100% of its health!)</small><br></div><div class="spacer battle-history"><br></div><div class="battle-history">ppunhcs fainted!<br></div><div class="spacer battle-history"><br></div><div class="battle-history"><small>The opposing team is no longer protected by Safeguard!</small><br></div><div class="spacer battle-history"><br></div><div class="battle-history">Go! <strong>Sableye</strong>!<br></div><div class="spacer battle-history"><br></div><h2 class="battle-history">Turn 7</h2><div class="spacer battle-history"><br></div><div class="battle-history">imred65 withdrew Weels!<br></div><div class="battle-history">imred65 sent out Showtime (<strong>Primarina</strong>)!<br></div><div class="spacer battle-history"><br></div><div class="battle-history">Sableye used <strong>Will-O-Wisp</strong>!<br></div><div class="battle-history"><small>The opposing Showtime avoided the attack!</small><br></div><div class="spacer battle-history"><br></div><h2 class="battle-history">Turn 8</h2><div class="chat"><small> Ausxh joined</small></div><div class="spacer battle-history"><br></div><div class="battle-history">Sableye used <strong>Taunt</strong>!<br></div><div class="battle-history"><small>The opposing Showtime fell for the taunt!</small><br></div><div class="spacer battle-history"><br></div><div class="battle-history">The opposing Showtime used <strong>Moonblast</strong>!<br></div><div class="battle-history"><small>It's super effective!</small><br></div><div class="battle-history"><small>(Sableye lost 100% of its health!)</small><br></div><div class="spacer battle-history"><br></div><div class="battle-history">Sableye fainted!<br></div><div class="spacer battle-history"><br></div><div class="battle-history"><small>The opposing team's Reflect wore off!</small><br></div><div class="spacer battle-history"><br></div><div class="battle-history">Go! <strong>Durant</strong>!<br></div><div class="spacer battle-history"><br></div><h2 class="battle-history">Turn 9</h2><div class="chat"><small></small></div><div class="spacer battle-history"><br></div><div class="battle-history">Durant used <strong>Iron Head</strong>!<br></div><div class="battle-history"><small>(The opposing Showtime lost 89% of its health!)</small><br></div><div class="battle-history"><small>Durant lost some of its HP!</small><br></div><div class="spacer battle-history"><br></div><div class="battle-history">The opposing Showtime flinched and couldn't move!<br></div><div class="spacer battle-history"><br></div><h2 class="battle-history">Turn 10</h2><div class="spacer battle-history"><br></div><div class="battle-history">imred65 withdrew Showtime!<br></div><div class="battle-history">imred65 sent out 3 pc (<strong>Moltres</strong>)!<br></div><div class="spacer battle-history"><br></div><div class="battle-history">Durant used <strong>Iron Head</strong>!<br></div><div class="battle-history"><small>It's not very effective...</small><br></div><div class="battle-history"><small>(The opposing 3 pc lost 34% of its health!)</small><br></div><div class="battle-history">[The opposing 3 pc's Flame Body]<br><small>Durant was burned!</small><br></div><div class="battle-history"><small>Durant lost some of its HP!</small><br></div><div class="spacer battle-history"><br></div><div class="battle-history"><small>Durant was hurt by its burn!</small><br></div><div class="spacer battle-history"><br></div><h2 class="battle-history">Turn 11</h2><div class="chat"><small> ksch joined</small></div><div class="spacer battle-history"><br></div><div class="battle-history">imred65 withdrew 3 pc!<br></div><div class="battle-history">imred65 sent out Weels (<strong>Revavroom</strong>)!<br></div><div class="spacer battle-history"><br></div><div class="battle-history">Durant used <strong>Rock Slide</strong>!<br></div><div class="battle-history"><small>It's not very effective...</small><br></div><div class="battle-history"><small>(The opposing Weels lost 12% of its health!)</small><br></div><div class="battle-history"><small>Durant lost some of its HP!</small><br></div><div class="spacer battle-history"><br></div><div class="battle-history"><small>Durant was hurt by its burn!</small><br></div><div class="spacer battle-history"><br></div><h2 class="battle-history">Turn 12</h2><div class="spacer battle-history"><br></div><div class="battle-history">Durant used <strong>Iron Head</strong>!<br></div><div class="battle-history"><small>(The opposing Weels lost 42% of its health!)</small><br></div><div class="battle-history"><small>Durant lost some of its HP!</small><br></div><div class="spacer battle-history"><br></div><div class="battle-history">The opposing Weels used <strong>Shift Gear</strong>!<br></div><div class="battle-history"><small>The opposing Weels's Speed rose sharply!</small><br></div><div class="battle-history"><small>The opposing Weels's Attack rose!</small><br></div><div class="spacer battle-history"><br></div><div class="battle-history"><small>Durant was hurt by its burn!</small><br></div><div class="spacer battle-history"><br></div><h2 class="battle-history">Turn 13</h2><div class="spacer battle-history"><br></div><div class="battle-history">The opposing Weels used <strong>High Horsepower</strong>!<br></div><div class="battle-history"><small>(Durant lost 43% of its health!)</small><br></div><div class="spacer battle-history"><br></div><div class="battle-history">Durant fainted!<br></div><div class="spacer battle-history"><br></div><div class="battle-history">Go! <strong>Kleavor</strong>!<br></div><div class="spacer battle-history"><br></div><h2 class="battle-history">Turn 14</h2><div class="chat"><small> DoctaShock joined</small></div><div class="spacer battle-history"><br></div><div class="battle-history">The opposing Weels used <strong>Iron Head</strong>!<br></div><div class="battle-history"><small>It's super effective!</small><br></div><div class="battle-history"><small>(Kleavor lost 100% of its health!)</small><br></div><div class="spacer battle-history"><br></div><div class="battle-history">Kleavor fainted!<br></div><div class="spacer battle-history"><br></div><div class="battle-history">Go! Tingus Pingus (<strong>Incineroar</strong>)!<br></div><div class="battle-history">[Tingus Pingus's Intimidate]<br></div><div class="battle-history"><small>The effects of the opposing Weels's Clear Amulet prevent its stats from being lowered!</small><br></div><div class="spacer battle-history"><br></div><h2 class="battle-history">Turn 15</h2><div class="spacer battle-history"><br></div><div class="battle-history">The opposing Weels used <strong>High Horsepower</strong>!<br></div><div class="battle-history"><small>It's super effective!</small><br></div><div class="battle-history"><small>(Tingus Pingus lost 100% of its health!)</small><br></div><div class="spacer battle-history"><br></div><div class="battle-history">Tingus Pingus fainted!<br></div><div class="spacer battle-history"><br></div><div class="battle-history"><strong>imred65</strong> won the battle!<br></div><div class="chat chatmessage-imred65"><strong style="color:#887b16"><small>☆</small><span class="username" data-name="imred65">imred65</span>:</strong> <em>gg</em></div><div class="chat chatmessage-foodss"><strong style="color:#997c37"><small>☆</small><span class="username" data-name="foodss">foodss</span>:</strong> <em>gg</em></div><div class="chat"><small> tomkeap joined; ☆foodss left</small></div></div><div class="inner-preempt message-log"></div></div></div>
</div>
<script>
let daily = Math.floor(Date.now()/1000/60/60/24);document.write('<script src="https://play.pokemonshowdown.com/js/replay-embed.js?version'+daily+'"></'+'script>');
</script>
