<!DOCTYPE html>
<meta charset="utf-8" />
<!-- version 1 -->
<title>[Gen 9] NatDex Draft replay: Phantom0rion vs. DoctaShock</title>
<style>
html,body {font-family:Verdana, sans-serif;font-size:10pt;margin:0;padding:0;}body{padding:12px 0;} .battle-log {font-family:Verdana, sans-serif;font-size:10pt;} .battle-log-inline {border:1px solid #AAAAAA;background:#EEF2F5;color:black;max-width:640px;margin:0 auto 80px;padding-bottom:5px;} .battle-log .inner {padding:4px 8px 0px 8px;} .battle-log .inner-preempt {padding:0 8px 4px 8px;} .battle-log .inner-after {margin-top:0.5em;} .battle-log h2 {margin:0.5em -8px;padding:4px 8px;border:1px solid #AAAAAA;background:#E0E7EA;border-left:0;border-right:0;font-family:Verdana, sans-serif;font-size:13pt;} .battle-log .chat {vertical-align:middle;padding:3px 0 3px 0;font-size:8pt;} .battle-log .chat strong {color:#40576A;} .battle-log .chat em {padding:1px 4px 1px 3px;color:#000000;font-style:normal;} .chat.mine {background:rgba(0,0,0,0.05);margin-left:-8px;margin-right:-8px;padding-left:8px;padding-right:8px;} .spoiler {color:#BBBBBB;background:#BBBBBB;padding:0px 3px;} .spoiler:hover, .spoiler:active, .spoiler-shown {color:#000000;background:#E2E2E2;padding:0px 3px;} .spoiler a {color:#BBBBBB;} .spoiler:hover a, .spoiler:active a, .spoiler-shown a {color:#2288CC;} .chat code, .chat .spoiler:hover code, .chat .spoiler:active code, .chat .spoiler-shown code {border:1px solid #C0C0C0;background:#EEEEEE;color:black;padding:0 2px;} .chat .spoiler code {border:1px solid #CCCCCC;background:#CCCCCC;color:#CCCCCC;} .battle-log .rated {padding:3px 4px;} .battle-log .rated strong {color:white;background:#89A;padding:1px 4px;border-radius:4px;} .spacer {margin-top:0.5em;} .message-announce {background:#6688AA;color:white;padding:1px 4px 2px;} .message-announce a, .broadcast-green a, .broadcast-blue a, .broadcast-red a {color:#DDEEFF;} .broadcast-green {background-color:#559955;color:white;padding:2px 4px;} .broadcast-blue {background-color:#6688AA;color:white;padding:2px 4px;} .infobox {border:1px solid #6688AA;padding:2px 4px;} .infobox-limited {max-height:200px;overflow:auto;overflow-x:hidden;} .broadcast-red {background-color:#AA5544;color:white;padding:2px 4px;} .message-learn-canlearn {font-weight:bold;color:#228822;text-decoration:underline;} .message-learn-cannotlearn {font-weight:bold;color:#CC2222;text-decoration:underline;} .message-effect-weak {font-weight:bold;color:#CC2222;} .message-effect-resist {font-weight:bold;color:#6688AA;} .message-effect-immune {font-weight:bold;color:#666666;} .message-learn-list {margin-top:0;margin-bottom:0;} .message-throttle-notice, .message-error {color:#992222;} .message-overflow, .chat small.message-overflow {font-size:0pt;} .message-overflow::before {font-size:9pt;content:'...';} .subtle {color:#3A4A66;}
</style>
<div class="wrapper replay-wrapper" style="max-width:1180px;margin:0 auto">
<input type="hidden" name="replayid" value="gen9natdexdraft-2150148118" />
<div class="battle"></div><div class="battle-log"></div><div class="replay-controls"></div><div class="replay-controls-2"></div>
<h1 style="font-weight:normal;text-align:center"><strong>[Gen 9] NatDex Draft</strong><br /><a href="http://pokemonshowdown.com/users/phantom0rion" class="subtle" target="_blank">Phantom0rion</a> vs. <a href="http://pokemonshowdown.com/users/doctashock" class="subtle" target="_blank">DoctaShock</a></h1>
<script type="text/plain" class="battle-log-data">
|j|☆Phantom0rion
|j|☆DoctaShock
|t:|1719369215
|gametype|singles
|player|p1|Phantom0rion|miku-grass|
|player|p2|DoctaShock|265|
|teamsize|p1|6
|teamsize|p2|6
|gen|9
|tier|[Gen 9] NatDex Draft
|rule|Sleep Clause Mod: Limit one foe put to sleep
|rule|OHKO Clause: OHKO moves are banned
|rule|Evasion Clause: Evasion abilities, items, and moves are banned
|rule|Evasion Abilities Clause: Evasion abilities are banned
|rule|Evasion Items Clause: Evasion items are banned
|rule|Evasion Moves Clause: Evasion moves are banned
|rule|Endless Battle Clause: Forcing endless battles is banned
|rule|HP Percentage Mod: HP is shown in percentages
|clearpoke
|poke|p1|Baxcalibur, M|
|poke|p1|Muk-Alola, M|
|poke|p1|Ambipom, F|
|poke|p1|Cobalion|
|poke|p1|Diancie|
|poke|p1|Mew|
|poke|p2|Iron Bundle|
|poke|p2|Beedrill, F|
|poke|p2|Gliscor, M|
|poke|p2|Terapagos, M|
|poke|p2|Breloom, F|
|poke|p2|Magnezone|
|teampreview
|inactive|Battle timer is ON: inactive players will automatically lose when time's up. (requested by Phantom0rion)
|inactiveoff|Battle timer is now OFF.
|j| conundromic
|j| ksch
|j| Bunnnies
|j| tomkeap
|j| daotxtoad
|j| Ultair
|j| serendipidu
|
|t:|1719369326
|start
|switch|p1a: Mew|Mew|100\/100
|switch|p2a: Yellow Flash|Beedrill, F|100\/100
|turn|1
|c| serendipidu|oh man i forgot to name our pokemon
|c| serendipidu|gosh
|c| tomkeap|L
|c|☆DoctaShock|tragedy
|c| serendipidu|:(
|
|t:|1719369424
|detailschange|p2a: Yellow Flash|Beedrill-Mega, F
|-mega|p2a: Yellow Flash|Beedrill|Beedrillite
|move|p2a: Yellow Flash|U-turn|p1a: Mew
|-supereffective|p1a: Mew
|-damage|p1a: Mew|24\/100
|j| imred65
|c| ksch|big dick bee
|j| adamchenblast23
|
|t:|1719369467
|switch|p2a: Mr. Poppers|Iron Bundle|100\/100|[from] U-turn
|move|p1a: Mew|Stealth Rock|p2a: Mr. Poppers
|-sidestart|p2: DoctaShock|move: Stealth Rock
|
|upkeep
|turn|2
|j| foodss
|
|t:|1719369515
|switch|p1a: Muk|Muk-Alola, M|100\/100
|move|p2a: Mr. Poppers|Freeze-Dry|p1a: Muk
|-damage|p1a: Muk|85\/100
|
|upkeep
|turn|3
|c| adamchenblast23|go gligar
|
|t:|1719369631
|move|p2a: Mr. Poppers|Flip Turn|p1a: Muk
|-damage|p1a: Muk|68\/100
|
|t:|1719369635
|-end|p2a: Mr. Poppers|Quark Drive|[silent]
|switch|p2a: Nightwing|Gliscor, M|100\/100|[from] Flip Turn
|-damage|p2a: Nightwing|88\/100|[from] Stealth Rock
|move|p1a: Muk|Knock Off|p2a: Nightwing
|-crit|p2a: Nightwing
|-damage|p2a: Nightwing|52\/100
|-enditem|p2a: Nightwing|Toxic Orb|[from] move: Knock Off|[of] p1a: Muk
|
|upkeep
|turn|4
|c| conundromic|:o
|c|☆DoctaShock|well that was rude
|c| conundromic|just get poison touched
|c| conundromic|4head
|c| ksch|whats in the water today
|c| ksch|so many crits
|c|☆DoctaShock|wheres mine
|c| Ultair|fr
|c| tomkeap|lol speaking of crits
|
|t:|1719369740
|switch|p1a: Mew|Mew|24\/100
|move|p2a: Nightwing|Stealth Rock|p1a: Mew
|-sidestart|p1: Phantom0rion|move: Stealth Rock
|
|upkeep
|turn|5
|j| ChillerFrost
|
|t:|1719369797
|move|p1a: Mew|Ice Beam|p2a: Nightwing
|-supereffective|p2a: Nightwing
|-damage|p2a: Nightwing|0 fnt
|faint|p2a: Nightwing
|
|upkeep
|j| mukmuk1
|
|t:|1719369911
|switch|p2a: Yellow Flash|Beedrill-Mega, F|100\/100
|-damage|p2a: Yellow Flash|75\/100|[from] Stealth Rock
|turn|6
|j| ReliantColey
|
|t:|1719370049
|move|p2a: Yellow Flash|Poison Jab|p1a: Mew
|-damage|p1a: Mew|0 fnt
|faint|p1a: Mew
|
|upkeep
|
|t:|1719370102
|switch|p1a: Diancie|Diancie|100\/100
|-damage|p1a: Diancie|88\/100|[from] Stealth Rock
|turn|7
|
|t:|1719370166
|move|p2a: Yellow Flash|U-turn|p1a: Diancie
|-resisted|p1a: Diancie
|-damage|p1a: Diancie|67\/100
|
|t:|1719370240
|switch|p2a: Carl Wheezer|Terapagos, M|100\/100|[from] U-turn
|-activate|p2a: Carl Wheezer|ability: Tera Shift
|detailschange|p2a: Carl Wheezer|Terapagos-Terastal, M
|-heal|p2a: Carl Wheezer|100\/100|[silent]
|-damage|p2a: Carl Wheezer|88\/100|[from] Stealth Rock
|move|p1a: Diancie|Trick Room|p1a: Diancie
|-fieldstart|move: Trick Room|[of] p1a: Diancie
|
|upkeep
|turn|8
|
|t:|1719370362
|move|p1a: Diancie|Moonblast|p2a: Carl Wheezer
|-damage|p2a: Carl Wheezer|46\/100
|-unboost|p2a: Carl Wheezer|spa|1
|move|p2a: Carl Wheezer|Earth Power|p1a: Diancie
|-supereffective|p1a: Diancie
|-damage|p1a: Diancie|34\/100
|-enditem|p1a: Diancie|Weakness Policy
|-boost|p1a: Diancie|atk|2|[from] item: Weakness Policy
|-boost|p1a: Diancie|spa|2|[from] item: Weakness Policy
|
|upkeep
|turn|9
|j| Crown oji
|
|t:|1719370432
|move|p1a: Diancie|Earth Power|p2a: Carl Wheezer
|-damage|p2a: Carl Wheezer|0 fnt
|faint|p2a: Carl Wheezer
|
|upkeep
|
|t:|1719370447
|switch|p2a: fungiFury|Breloom, F|100\/100
|-damage|p2a: fungiFury|94\/100|[from] Stealth Rock
|turn|10
|j| elementalassasin
|
|t:|1719370494
|-terastallize|p2a: fungiFury|Fighting
|move|p2a: fungiFury|Mach Punch|p1a: Diancie
|-damage|p1a: Diancie|0 fnt
|faint|p1a: Diancie
|
|upkeep
|
|t:|1719370693
|switch|p1a: Ambipom|Ambipom, F|100\/100
|-damage|p1a: Ambipom|88\/100|[from] Stealth Rock
|turn|11
|
|t:|1719370835
|move|p1a: Ambipom|Fake Out|p2a: fungiFury
|-damage|p2a: fungiFury|49\/100
|move|p2a: fungiFury|Mach Punch|p1a: Ambipom
|-supereffective|p1a: Ambipom
|-damage|p1a: Ambipom|0 fnt
|faint|p1a: Ambipom
|
|-fieldend|move: Trick Room
|upkeep
|c| foodss|square slice or triangle slice pizza
|c| tomkeap|triangle
|c| ReliantColey|triangle
|c| foodss|wrong its sqaure
|c|☆DoctaShock|both
|c| ReliantColey|circle?
|c| tomkeap|unless its like early 2000s school square pizza
|
|t:|1719370972
|switch|p1a: Baxcalibur|Baxcalibur, M|100\/100
|-damage|p1a: Baxcalibur|76\/100|[from] Stealth Rock
|turn|12
|j| Ausxh
|
|t:|1719371105
|move|p2a: fungiFury|Mach Punch|p1a: Baxcalibur
|-supereffective|p1a: Baxcalibur
|-enditem|p1a: Baxcalibur|Chople Berry|[eat]
|-enditem|p1a: Baxcalibur|Chople Berry|[weaken]
|-damage|p1a: Baxcalibur|35\/100
|move|p1a: Baxcalibur|Scale Shot|p2a: fungiFury
|-damage|p2a: fungiFury|26\/100
|-damage|p2a: fungiFury|6\/100
|-damage|p2a: fungiFury|0 fnt
|faint|p2a: fungiFury
|-hitcount|p2: fungiFury|3
|-unboost|p1a: Baxcalibur|def|1
|-boost|p1a: Baxcalibur|spe|1
|
|upkeep
|
|t:|1719371208
|switch|p2a: Stiboy|Magnezone|100\/100
|turn|13
|
|t:|1719371228
|move|p1a: Baxcalibur|Earthquake|p2a: Stiboy
|-supereffective|p2a: Stiboy
|-ability|p2a: Stiboy|Sturdy
|-damage|p2a: Stiboy|1\/100
|move|p2a: Stiboy|Flash Cannon|p1a: Baxcalibur
|-supereffective|p1a: Baxcalibur
|-damage|p1a: Baxcalibur|0 fnt
|faint|p1a: Baxcalibur
|
|upkeep
|
|t:|1719371311
|switch|p1a: Cobalion|Cobalion|100\/100
|-damage|p1a: Cobalion|97\/100|[from] Stealth Rock
|turn|14
|
|t:|1719371336
|move|p1a: Cobalion|Body Press|p2a: Stiboy
|-supereffective|p2a: Stiboy
|-damage|p2a: Stiboy|0 fnt
|faint|p2a: Stiboy
|
|-heal|p1a: Cobalion|100\/100|[from] item: Leftovers
|upkeep
|
|t:|1719371481
|switch|p2a: Mr. Poppers|Iron Bundle|100\/100
|turn|15
|
|t:|1719371550
|switch|p1a: Muk|Muk-Alola, M|68\/100
|-damage|p1a: Muk|56\/100|[from] Stealth Rock
|move|p2a: Mr. Poppers|Hydro Pump|p1a: Muk
|-damage|p1a: Muk|32\/100
|
|upkeep
|turn|16
|
|t:|1719371656
|move|p2a: Mr. Poppers|Hydro Pump|p1a: Muk
|-damage|p1a: Muk|3\/100
|move|p1a: Muk|Knock Off|p2a: Mr. Poppers
|-damage|p2a: Mr. Poppers|54\/100
|-enditem|p2a: Mr. Poppers|Heavy-Duty Boots|[from] move: Knock Off|[of] p1a: Muk
|
|upkeep
|turn|17
|
|t:|1719371676
|move|p2a: Mr. Poppers|Freeze-Dry|p1a: Muk
|-damage|p1a: Muk|0 fnt
|faint|p1a: Muk
|
|upkeep
|
|t:|1719371678
|switch|p1a: Cobalion|Cobalion|100\/100
|-damage|p1a: Cobalion|97\/100|[from] Stealth Rock
|turn|18
|
|t:|1719371700
|move|p2a: Mr. Poppers|Hydro Pump|p1a: Cobalion
|-damage|p1a: Cobalion|47\/100
|move|p1a: Cobalion|Body Press|p2a: Mr. Poppers
|-supereffective|p2a: Mr. Poppers
|-damage|p2a: Mr. Poppers|0 fnt
|faint|p2a: Mr. Poppers
|-end|p2a: Mr. Poppers|Quark Drive|[silent]
|
|-heal|p1a: Cobalion|53\/100|[from] item: Leftovers
|upkeep
|
|t:|1719371725
|switch|p2a: Yellow Flash|Beedrill-Mega, F|75\/100
|-damage|p2a: Yellow Flash|50\/100|[from] Stealth Rock
|turn|19
|
|t:|1719371794
|move|p2a: Yellow Flash|Drill Run|p1a: Cobalion
|-supereffective|p1a: Cobalion
|-damage|p1a: Cobalion|9\/100
|move|p1a: Cobalion|Iron Defense|p1a: Cobalion
|-boost|p1a: Cobalion|def|2
|
|-heal|p1a: Cobalion|16\/100|[from] item: Leftovers
|upkeep
|turn|20
|inactive|Battle timer is ON: inactive players will automatically lose when time's up. (requested by Phantom0rion)
|j| Ocarina919
|c|☆DoctaShock|cool i got 300 seconds to click a move
|c|☆Phantom0rion|i haVe to pee please
|c|☆DoctaShock|see yall soon
|inactive|DoctaShock has 270 seconds left.
|l| daotxtoad
|
|t:|1719371995
|-terastallize|p1a: Cobalion|Ghost
|move|p2a: Yellow Flash|Knock Off|p1a: Cobalion
|-supereffective|p1a: Cobalion
|-damage|p1a: Cobalion|0 fnt
|-enditem|p1a: Cobalion|Leftovers|[from] move: Knock Off|[of] p2a: Yellow Flash
|faint|p1a: Cobalion
|
|win|DoctaShock
|c|☆Phantom0rion|took ya long enough
|c|☆Phantom0rion|gg
|c|☆DoctaShock|wdym
|c| serendipidu|gg
|c| ReliantColey|did iron head not kill?
|c|☆DoctaShock|it was a 1\/4 each move killed other things
|c|☆Phantom0rion|dont have it
|c| ReliantColey|damn
|c| tomkeap|unsure of your tera.. had us guessing
|c|☆DoctaShock|knock off doesnt kill no tera\/water\/fighting
|c|☆DoctaShock|so uhh really hinged on guessing ghost
|c|☆DoctaShock|while drill only killed steel
|c| serendipidu|yea we knew it was 50\/50
|c| serendipidu|body press is a roll in ur favor
|c| serendipidu|to live though
|c| tomkeap|ggs :) good battle
|c| ksch|what other cobalion moves
|c|☆Phantom0rion|ggs
|c| serendipidu|toxic sub
|c|☆DoctaShock|oh
|c|☆DoctaShock|spooky coba
|c| tomkeap|trick room diancie was spooky too
|j| daotxtoad
|l| foodss
|c|☆DoctaShock|diancie kinda went off
|l| daotxtoad
|c|☆Phantom0rion|toxic was incase dirge got out of hand
|c| serendipidu|terapagos specs?
|c|☆DoctaShock|i thought about dirge
|c|☆DoctaShock|nah
|c|☆Phantom0rion|kinda forgot body press was 4x resist oops
|c| ksch|why not tera the first turn
|c| serendipidu|knock off killed
|c| serendipidu|if he predicted
|c| serendipidu|still maybe right play
|c|☆DoctaShock|i sorta thought i was getting heavy slammered
|c|☆DoctaShock|lol
|l| Ausxh
|l|☆Phantom0rion
|player|p1|
|j| Gym Leder Brawl
|l| ReliantColey
|l| imred65
|l| conundromic
|l|crownoji
|l| Bunnnies
|l| Gym Leder Brawl
|l| mukmuk1
|l| tomkeap

</script>
</div>
<div class="battle-log battle-log-inline"><div class="inner"><div class="battle-options"></div><div class="inner message-log"><div class="chat"><small>☆Phantom0rion and ☆DoctaShock joined</small></div><div class=""><small>Format:</small> <br><strong>[Gen 9] NatDex Draft</strong></div><div class=""><small><em>Sleep Clause Mod:</em> Limit one foe put to sleep</small></div><div class=""><small><em>OHKO Clause:</em> OHKO moves are banned</small></div><div class=""><small><em>Evasion Clause:</em> Evasion abilities, items, and moves are banned</small></div><div class=""><small><em>Evasion Abilities Clause:</em> Evasion abilities are banned</small></div><div class=""><small><em>Evasion Items Clause:</em> Evasion items are banned</small></div><div class=""><small><em>Evasion Moves Clause:</em> Evasion moves are banned</small></div><div class=""><small><em>Endless Battle Clause:</em> Forcing endless battles is banned</small></div><div class=""><small><em>HP Percentage Mod:</em> HP is shown in percentages</small></div><div class="chat battle-history"><strong>Phantom0rion's team:</strong> <em style="color:#445566;display:block;">Baxcalibur / Muk-Alola / Ambipom / Cobalion / Diancie / Mew</em></div><div class="chat battle-history"><strong>DoctaShock's team:</strong> <em style="color:#445566;display:block;">Iron Bundle / Beedrill / Gliscor / Terapagos / Breloom / Magnezone</em></div><div class="chat message-error">Battle timer is ON: inactive players will automatically lose when time's up. (requested by Phantom0rion)</div><div class="chat message-error">Battle timer is now OFF.</div><div class="chat"><small> conundromic,  ksch,  Bunnnies,  tomkeap,  daotxtoad, and 2 others joined</small></div><div class="spacer battle-history"><br></div><div class="battle-history">Battle started between Phantom0rion and DoctaShock!<br></div><div class="spacer battle-history"><br></div><div class="battle-history">Go! <strong>Mew</strong>!<br></div><div class="spacer battle-history"><br></div><div class="battle-history">DoctaShock sent out Yellow Flash (<strong>Beedrill</strong>)!<br></div><div class="spacer battle-history"><br></div><h2 class="battle-history">Turn 1</h2><div class="chat chatmessage-serendipidu"><strong style="color:#7c53d9"><small> </small><span class="username" data-name="serendipidu">serendipidu</span>:</strong> <em>oh man i forgot to name our pokemon</em></div><div class="chat chatmessage-serendipidu"><strong style="color:#7c53d9"><small> </small><span class="username" data-name="serendipidu">serendipidu</span>:</strong> <em>gosh</em></div><div class="chat chatmessage-tomkeap"><strong style="color:#416faf"><small> </small><span class="username" data-name="tomkeap">tomkeap</span>:</strong> <em>L</em></div><div class="chat chatmessage-doctashock"><strong style="color:#15a4c7"><small>☆</small><span class="username" data-name="DoctaShock">DoctaShock</span>:</strong> <em>tragedy</em></div><div class="chat chatmessage-serendipidu"><strong style="color:#7c53d9"><small> </small><span class="username" data-name="serendipidu">serendipidu</span>:</strong> <em>:(</em></div><div class="spacer battle-history"><br></div><div class="battle-history"><small>The opposing Yellow Flash's Beedrillite is reacting to the Key Stone!</small><br>The opposing Yellow Flash has Mega Evolved into Mega Beedrill!<br></div><div class="spacer battle-history"><br></div><div class="battle-history">The opposing Yellow Flash used <strong>U-turn</strong>!<br></div><div class="battle-history"><small>It's super effective!</small><br></div><div class="battle-history"><small>(Mew lost 76% of its health!)</small><br></div><div class="chat"><small> imred65 joined</small></div><div class="chat chatmessage-ksch"><strong style="color:#1db7b9"><small> </small><span class="username" data-name="ksch">ksch</span>:</strong> <em>big dick bee</em></div><div class="chat"><small> adamchenblast23 joined</small></div><div class="spacer battle-history"><br></div><div class="battle-history">The opposing Yellow Flash went back to DoctaShock!<br></div><div class="battle-history">DoctaShock sent out Mr. Poppers (<strong>Iron Bundle</strong>)!<br></div><div class="spacer battle-history"><br></div><div class="battle-history">Mew used <strong>Stealth Rock</strong>!<br></div><div class="battle-history"><small>Pointed stones float in the air around the opposing team!</small><br></div><div class="spacer battle-history"><br></div><h2 class="battle-history">Turn 2</h2><div class="chat"><small> foodss joined</small></div><div class="spacer battle-history"><br></div><div class="battle-history">Mew, come back!<br></div><div class="battle-history">Go! Muk (<strong>Muk-Alola</strong>)!<br></div><div class="spacer battle-history"><br></div><div class="battle-history">The opposing Mr. Poppers used <strong>Freeze-Dry</strong>!<br></div><div class="battle-history"><small>(Muk lost 15% of its health!)</small><br></div><div class="spacer battle-history"><br></div><h2 class="battle-history">Turn 3</h2><div class="chat chatmessage-adamchenblast23"><strong style="color:#369166"><small> </small><span class="username" data-name="adamchenblast23">adamchenblast23</span>:</strong> <em>go gligar</em></div><div class="spacer battle-history"><br></div><div class="battle-history">The opposing Mr. Poppers used <strong>Flip Turn</strong>!<br></div><div class="battle-history"><small>(Muk lost 17% of its health!)</small><br></div><div class="spacer battle-history"><br></div><div class="battle-history">The opposing Mr. Poppers went back to DoctaShock!<br></div><div class="battle-history">DoctaShock sent out Nightwing (<strong>Gliscor</strong>)!<br></div><div class="battle-history"><small>Pointed stones dug into the opposing Nightwing!</small><br></div><div class="spacer battle-history"><br></div><div class="battle-history">Muk used <strong>Knock Off</strong>!<br></div><div class="battle-history"><small>A critical hit!</small><br></div><div class="battle-history"><small>(The opposing Nightwing lost 36% of its health!)</small><br></div><div class="battle-history"><small>Muk knocked off the opposing Nightwing's Toxic Orb!</small><br></div><div class="spacer battle-history"><br></div><h2 class="battle-history">Turn 4</h2><div class="chat chatmessage-conundromic"><strong style="color:#2d8875"><small> </small><span class="username" data-name="conundromic">conundromic</span>:</strong> <em>:o</em></div><div class="chat chatmessage-doctashock"><strong style="color:#15a4c7"><small>☆</small><span class="username" data-name="DoctaShock">DoctaShock</span>:</strong> <em>well that was rude</em></div><div class="chat chatmessage-conundromic"><strong style="color:#2d8875"><small> </small><span class="username" data-name="conundromic">conundromic</span>:</strong> <em>just get poison touched</em></div><div class="chat chatmessage-conundromic"><strong style="color:#2d8875"><small> </small><span class="username" data-name="conundromic">conundromic</span>:</strong> <em>4head</em></div><div class="chat chatmessage-ksch"><strong style="color:#1db7b9"><small> </small><span class="username" data-name="ksch">ksch</span>:</strong> <em>whats in the water today</em></div><div class="chat chatmessage-ksch"><strong style="color:#1db7b9"><small> </small><span class="username" data-name="ksch">ksch</span>:</strong> <em>so many crits</em></div><div class="chat chatmessage-doctashock"><strong style="color:#15a4c7"><small>☆</small><span class="username" data-name="DoctaShock">DoctaShock</span>:</strong> <em>wheres mine</em></div><div class="chat chatmessage-ultair"><strong style="color:#3a9240"><small> </small><span class="username" data-name="Ultair">Ultair</span>:</strong> <em>fr</em></div><div class="chat chatmessage-tomkeap"><strong style="color:#416faf"><small> </small><span class="username" data-name="tomkeap">tomkeap</span>:</strong> <em>lol speaking of crits</em></div><div class="spacer battle-history"><br></div><div class="battle-history">Muk, come back!<br></div><div class="battle-history">Go! <strong>Mew</strong>!<br></div><div class="spacer battle-history"><br></div><div class="battle-history">The opposing Nightwing used <strong>Stealth Rock</strong>!<br></div><div class="battle-history"><small>Pointed stones float in the air around your team!</small><br></div><div class="spacer battle-history"><br></div><h2 class="battle-history">Turn 5</h2><div class="chat"><small> ChillerFrost joined</small></div><div class="spacer battle-history"><br></div><div class="battle-history">Mew used <strong>Ice Beam</strong>!<br></div><div class="battle-history"><small>It's super effective!</small><br></div><div class="battle-history"><small>(The opposing Nightwing lost 52% of its health!)</small><br></div><div class="spacer battle-history"><br></div><div class="battle-history">The opposing Nightwing fainted!<br></div><div class="chat"><small> mukmuk1 joined</small></div><div class="spacer battle-history"><br></div><div class="battle-history">DoctaShock sent out Yellow Flash (<strong>Beedrill-Mega</strong>)!<br></div><div class="battle-history"><small>Pointed stones dug into the opposing Yellow Flash!</small><br></div><div class="spacer battle-history"><br></div><h2 class="battle-history">Turn 6</h2><div class="chat"><small> ReliantColey joined</small></div><div class="spacer battle-history"><br></div><div class="battle-history">The opposing Yellow Flash used <strong>Poison Jab</strong>!<br></div><div class="battle-history"><small>(Mew lost 24% of its health!)</small><br></div><div class="spacer battle-history"><br></div><div class="battle-history">Mew fainted!<br></div><div class="spacer battle-history"><br></div><div class="battle-history">Go! <strong>Diancie</strong>!<br></div><div class="battle-history"><small>Pointed stones dug into Diancie!</small><br></div><div class="spacer battle-history"><br></div><h2 class="battle-history">Turn 7</h2><div class="spacer battle-history"><br></div><div class="battle-history">The opposing Yellow Flash used <strong>U-turn</strong>!<br></div><div class="battle-history"><small>It's not very effective...</small><br></div><div class="battle-history"><small>(Diancie lost 21% of its health!)</small><br></div><div class="spacer battle-history"><br></div><div class="battle-history">The opposing Yellow Flash went back to DoctaShock!<br></div><div class="battle-history">DoctaShock sent out Carl Wheezer (<strong>Terapagos</strong>)!<br></div><div class="battle-history">[The opposing Carl Wheezer's Tera Shift]<br></div><div class="battle-history">The opposing Carl Wheezer transformed!<br></div><div class="battle-history"><small>Pointed stones dug into the opposing Carl Wheezer!</small><br></div><div class="spacer battle-history"><br></div><div class="battle-history">Diancie used <strong>Trick Room</strong>!<br></div><div class="battle-history"><small>Diancie twisted the dimensions!</small><br></div><div class="spacer battle-history"><br></div><h2 class="battle-history">Turn 8</h2><div class="spacer battle-history"><br></div><div class="battle-history">Diancie used <strong>Moonblast</strong>!<br></div><div class="battle-history"><small>(The opposing Carl Wheezer lost 42% of its health!)</small><br></div><div class="battle-history"><small>The opposing Carl Wheezer's Sp. Atk fell!</small><br></div><div class="spacer battle-history"><br></div><div class="battle-history">The opposing Carl Wheezer used <strong>Earth Power</strong>!<br></div><div class="battle-history"><small>It's super effective!</small><br></div><div class="battle-history"><small>(Diancie lost 33% of its health!)</small><br></div><div class="battle-history"><small>(Diancie used its Weakness Policy!)</small><br></div><div class="battle-history"><small>The Weakness Policy sharply raised Diancie's Attack!</small><br></div><div class="battle-history"><small>The Weakness Policy sharply raised Diancie's Sp. Atk!</small><br></div><div class="spacer battle-history"><br></div><h2 class="battle-history">Turn 9</h2><div class="chat"><small> Crown oji joined</small></div><div class="spacer battle-history"><br></div><div class="battle-history">Diancie used <strong>Earth Power</strong>!<br></div><div class="battle-history"><small>(The opposing Carl Wheezer lost 46% of its health!)</small><br></div><div class="spacer battle-history"><br></div><div class="battle-history">The opposing Carl Wheezer fainted!<br></div><div class="spacer battle-history"><br></div><div class="battle-history">DoctaShock sent out fungiFury (<strong>Breloom</strong>)!<br></div><div class="battle-history"><small>Pointed stones dug into the opposing fungiFury!</small><br></div><div class="spacer battle-history"><br></div><h2 class="battle-history">Turn 10</h2><div class="chat"><small> elementalassasin joined</small></div><div class="spacer battle-history"><br></div><div class="battle-history"><small>The opposing fungiFury has Terastallized into the Fighting-type!</small><br></div><div class="spacer battle-history"><br></div><div class="battle-history">The opposing fungiFury used <strong>Mach Punch</strong>!<br></div><div class="battle-history"><small>(Diancie lost 34% of its health!)</small><br></div><div class="spacer battle-history"><br></div><div class="battle-history">Diancie fainted!<br></div><div class="spacer battle-history"><br></div><div class="battle-history">Go! <strong>Ambipom</strong>!<br></div><div class="battle-history"><small>Pointed stones dug into Ambipom!</small><br></div><div class="spacer battle-history"><br></div><h2 class="battle-history">Turn 11</h2><div class="spacer battle-history"><br></div><div class="battle-history">Ambipom used <strong>Fake Out</strong>!<br></div><div class="battle-history"><small>(The opposing fungiFury lost 45% of its health!)</small><br></div><div class="spacer battle-history"><br></div><div class="battle-history">The opposing fungiFury used <strong>Mach Punch</strong>!<br></div><div class="battle-history"><small>It's super effective!</small><br></div><div class="battle-history"><small>(Ambipom lost 88% of its health!)</small><br></div><div class="spacer battle-history"><br></div><div class="battle-history">Ambipom fainted!<br></div><div class="spacer battle-history"><br></div><div class="battle-history"><small>The twisted dimensions returned to normal!</small><br></div><div class="chat chatmessage-foodss"><strong style="color:#997c37"><small> </small><span class="username" data-name="foodss">foodss</span>:</strong> <em>square slice or triangle slice pizza</em></div><div class="chat chatmessage-tomkeap"><strong style="color:#416faf"><small> </small><span class="username" data-name="tomkeap">tomkeap</span>:</strong> <em>triangle</em></div><div class="chat chatmessage-reliantcoley"><strong style="color:#9727e7"><small> </small><span class="username" data-name="ReliantColey">ReliantColey</span>:</strong> <em>triangle</em></div><div class="chat chatmessage-foodss"><strong style="color:#997c37"><small> </small><span class="username" data-name="foodss">foodss</span>:</strong> <em>wrong its sqaure</em></div><div class="chat chatmessage-doctashock"><strong style="color:#15a4c7"><small>☆</small><span class="username" data-name="DoctaShock">DoctaShock</span>:</strong> <em>both</em></div><div class="chat chatmessage-reliantcoley"><strong style="color:#9727e7"><small> </small><span class="username" data-name="ReliantColey">ReliantColey</span>:</strong> <em>circle?</em></div><div class="chat chatmessage-tomkeap"><strong style="color:#416faf"><small> </small><span class="username" data-name="tomkeap">tomkeap</span>:</strong> <em>unless its like early 2000s school square pizza</em></div><div class="spacer battle-history"><br></div><div class="battle-history">Go! <strong>Baxcalibur</strong>!<br></div><div class="battle-history"><small>Pointed stones dug into Baxcalibur!</small><br></div><div class="spacer battle-history"><br></div><h2 class="battle-history">Turn 12</h2><div class="chat"><small> Ausxh joined</small></div><div class="spacer battle-history"><br></div><div class="battle-history">The opposing fungiFury used <strong>Mach Punch</strong>!<br></div><div class="battle-history"><small>It's super effective!</small><br></div><div class="battle-history"><small>(Baxcalibur ate its Chople Berry!)</small><br></div><div class="battle-history"><small>The Chople Berry weakened the damage to Baxcalibur!</small><br></div><div class="battle-history"><small>(Baxcalibur lost 41% of its health!)</small><br></div><div class="spacer battle-history"><br></div><div class="battle-history">Baxcalibur used <strong>Scale Shot</strong>!<br></div><div class="battle-history"><small>(The opposing fungiFury lost 23% of its health!)</small><br></div><div class="battle-history"><small>(The opposing fungiFury lost 20% of its health!)</small><br></div><div class="battle-history"><small>(The opposing fungiFury lost 6% of its health!)</small><br></div><div class="spacer battle-history"><br></div><div class="battle-history">The opposing fungiFury fainted!<br></div><div class="battle-history"><small>The Pokémon was hit 3 times!</small><br></div><div class="battle-history"><small>Baxcalibur's Defense fell!</small><br></div><div class="battle-history"><small>Baxcalibur's Speed rose!</small><br></div><div class="spacer battle-history"><br></div><div class="battle-history">DoctaShock sent out Stiboy (<strong>Magnezone</strong>)!<br></div><div class="spacer battle-history"><br></div><h2 class="battle-history">Turn 13</h2><div class="spacer battle-history"><br></div><div class="battle-history">Baxcalibur used <strong>Earthquake</strong>!<br></div><div class="battle-history"><small>It's super effective!</small><br></div><div class="battle-history">[The opposing Stiboy's Sturdy]<br><small>The opposing Stiboy endured the hit!</small><br></div><div class="battle-history"><small>(The opposing Stiboy lost 99% of its health!)</small><br></div><div class="spacer battle-history"><br></div><div class="battle-history">The opposing Stiboy used <strong>Flash Cannon</strong>!<br></div><div class="battle-history"><small>It's super effective!</small><br></div><div class="battle-history"><small>(Baxcalibur lost 35% of its health!)</small><br></div><div class="spacer battle-history"><br></div><div class="battle-history">Baxcalibur fainted!<br></div><div class="spacer battle-history"><br></div><div class="battle-history">Go! <strong>Cobalion</strong>!<br></div><div class="battle-history"><small>Pointed stones dug into Cobalion!</small><br></div><div class="spacer battle-history"><br></div><h2 class="battle-history">Turn 14</h2><div class="spacer battle-history"><br></div><div class="battle-history">Cobalion used <strong>Body Press</strong>!<br></div><div class="battle-history"><small>It's super effective!</small><br></div><div class="battle-history"><small>(The opposing Stiboy lost 1% of its health!)</small><br></div><div class="spacer battle-history"><br></div><div class="battle-history">The opposing Stiboy fainted!<br></div><div class="spacer battle-history"><br></div><div class="battle-history"><small>Cobalion restored a little HP using its Leftovers!</small><br></div><div class="spacer battle-history"><br></div><div class="battle-history">DoctaShock sent out Mr. Poppers (<strong>Iron Bundle</strong>)!<br></div><div class="spacer battle-history"><br></div><h2 class="battle-history">Turn 15</h2><div class="spacer battle-history"><br></div><div class="battle-history">Cobalion, come back!<br></div><div class="battle-history">Go! Muk (<strong>Muk-Alola</strong>)!<br></div><div class="battle-history"><small>Pointed stones dug into Muk!</small><br></div><div class="spacer battle-history"><br></div><div class="battle-history">The opposing Mr. Poppers used <strong>Hydro Pump</strong>!<br></div><div class="battle-history"><small>(Muk lost 24% of its health!)</small><br></div><div class="spacer battle-history"><br></div><h2 class="battle-history">Turn 16</h2><div class="spacer battle-history"><br></div><div class="battle-history">The opposing Mr. Poppers used <strong>Hydro Pump</strong>!<br></div><div class="battle-history"><small>(Muk lost 29% of its health!)</small><br></div><div class="spacer battle-history"><br></div><div class="battle-history">Muk used <strong>Knock Off</strong>!<br></div><div class="battle-history"><small>(The opposing Mr. Poppers lost 46% of its health!)</small><br></div><div class="battle-history"><small>Muk knocked off the opposing Mr. Poppers's Heavy-Duty Boots!</small><br></div><div class="spacer battle-history"><br></div><h2 class="battle-history">Turn 17</h2><div class="spacer battle-history"><br></div><div class="battle-history">The opposing Mr. Poppers used <strong>Freeze-Dry</strong>!<br></div><div class="battle-history"><small>(Muk lost 3% of its health!)</small><br></div><div class="spacer battle-history"><br></div><div class="battle-history">Muk fainted!<br></div><div class="spacer battle-history"><br></div><div class="battle-history">Go! <strong>Cobalion</strong>!<br></div><div class="battle-history"><small>Pointed stones dug into Cobalion!</small><br></div><div class="spacer battle-history"><br></div><h2 class="battle-history">Turn 18</h2><div class="spacer battle-history"><br></div><div class="battle-history">The opposing Mr. Poppers used <strong>Hydro Pump</strong>!<br></div><div class="battle-history"><small>(Cobalion lost 50% of its health!)</small><br></div><div class="spacer battle-history"><br></div><div class="battle-history">Cobalion used <strong>Body Press</strong>!<br></div><div class="battle-history"><small>It's super effective!</small><br></div><div class="battle-history"><small>(The opposing Mr. Poppers lost 54% of its health!)</small><br></div><div class="spacer battle-history"><br></div><div class="battle-history">The opposing Mr. Poppers fainted!<br></div><div class="spacer battle-history"><br></div><div class="battle-history"><small>Cobalion restored a little HP using its Leftovers!</small><br></div><div class="spacer battle-history"><br></div><div class="battle-history">DoctaShock sent out Yellow Flash (<strong>Beedrill-Mega</strong>)!<br></div><div class="battle-history"><small>Pointed stones dug into the opposing Yellow Flash!</small><br></div><div class="spacer battle-history"><br></div><h2 class="battle-history">Turn 19</h2><div class="spacer battle-history"><br></div><div class="battle-history">The opposing Yellow Flash used <strong>Drill Run</strong>!<br></div><div class="battle-history"><small>It's super effective!</small><br></div><div class="battle-history"><small>(Cobalion lost 44% of its health!)</small><br></div><div class="spacer battle-history"><br></div><div class="battle-history">Cobalion used <strong>Iron Defense</strong>!<br></div><div class="battle-history"><small>Cobalion's Defense rose sharply!</small><br></div><div class="spacer battle-history"><br></div><div class="battle-history"><small>Cobalion restored a little HP using its Leftovers!</small><br></div><div class="spacer battle-history"><br></div><h2 class="battle-history">Turn 20</h2><div class="chat message-error">Battle timer is ON: inactive players will automatically lose when time's up. (requested by Phantom0rion)</div><div class="chat"><small> Ocarina919 joined</small></div><div class="chat chatmessage-doctashock"><strong style="color:#15a4c7"><small>☆</small><span class="username" data-name="DoctaShock">DoctaShock</span>:</strong> <em>cool i got 300 seconds to click a move</em></div><div class="chat chatmessage-phantom0rion"><strong style="color:#0aa74e"><small>☆</small><span class="username" data-name="Phantom0rion">Phantom0rion</span>:</strong> <em>i haVe to pee please</em></div><div class="chat chatmessage-doctashock"><strong style="color:#15a4c7"><small>☆</small><span class="username" data-name="DoctaShock">DoctaShock</span>:</strong> <em>see yall soon</em></div><div class="chat message-error">DoctaShock has 270 seconds left.</div><div class="chat"><small> daotxtoad left</small></div><div class="spacer battle-history"><br></div><div class="battle-history"><small>Cobalion has Terastallized into the Ghost-type!</small><br></div><div class="spacer battle-history"><br></div><div class="battle-history">The opposing Yellow Flash used <strong>Knock Off</strong>!<br></div><div class="battle-history"><small>It's super effective!</small><br></div><div class="battle-history"><small>(Cobalion lost 16% of its health!)</small><br></div><div class="battle-history"><small>The opposing Yellow Flash knocked off Cobalion's Leftovers!</small><br></div><div class="spacer battle-history"><br></div><div class="battle-history">Cobalion fainted!<br></div><div class="spacer battle-history"><br></div><div class="battle-history"><strong>DoctaShock</strong> won the battle!<br></div><div class="chat chatmessage-phantom0rion"><strong style="color:#0aa74e"><small>☆</small><span class="username" data-name="Phantom0rion">Phantom0rion</span>:</strong> <em>took ya long enough</em></div><div class="chat chatmessage-phantom0rion"><strong style="color:#0aa74e"><small>☆</small><span class="username" data-name="Phantom0rion">Phantom0rion</span>:</strong> <em>gg</em></div><div class="chat chatmessage-doctashock"><strong style="color:#15a4c7"><small>☆</small><span class="username" data-name="DoctaShock">DoctaShock</span>:</strong> <em>wdym</em></div><div class="chat chatmessage-serendipidu"><strong style="color:#7c53d9"><small> </small><span class="username" data-name="serendipidu">serendipidu</span>:</strong> <em>gg</em></div><div class="chat chatmessage-reliantcoley"><strong style="color:#9727e7"><small> </small><span class="username" data-name="ReliantColey">ReliantColey</span>:</strong> <em>did iron head not kill?</em></div><div class="chat chatmessage-doctashock"><strong style="color:#15a4c7"><small>☆</small><span class="username" data-name="DoctaShock">DoctaShock</span>:</strong> <em>it was a 1/4 each move killed other things</em></div><div class="chat chatmessage-phantom0rion"><strong style="color:#0aa74e"><small>☆</small><span class="username" data-name="Phantom0rion">Phantom0rion</span>:</strong> <em>dont have it</em></div><div class="chat chatmessage-reliantcoley"><strong style="color:#9727e7"><small> </small><span class="username" data-name="ReliantColey">ReliantColey</span>:</strong> <em>damn</em></div><div class="chat chatmessage-tomkeap"><strong style="color:#416faf"><small> </small><span class="username" data-name="tomkeap">tomkeap</span>:</strong> <em>unsure of your tera.. had us guessing</em></div><div class="chat chatmessage-doctashock"><strong style="color:#15a4c7"><small>☆</small><span class="username" data-name="DoctaShock">DoctaShock</span>:</strong> <em>knock off doesnt kill no tera/water/fighting</em></div><div class="chat chatmessage-doctashock"><strong style="color:#15a4c7"><small>☆</small><span class="username" data-name="DoctaShock">DoctaShock</span>:</strong> <em>so uhh really hinged on guessing ghost</em></div><div class="chat chatmessage-doctashock"><strong style="color:#15a4c7"><small>☆</small><span class="username" data-name="DoctaShock">DoctaShock</span>:</strong> <em>while drill only killed steel</em></div><div class="chat chatmessage-serendipidu"><strong style="color:#7c53d9"><small> </small><span class="username" data-name="serendipidu">serendipidu</span>:</strong> <em>yea we knew it was 50/50</em></div><div class="chat chatmessage-serendipidu"><strong style="color:#7c53d9"><small> </small><span class="username" data-name="serendipidu">serendipidu</span>:</strong> <em>body press is a roll in ur favor</em></div><div class="chat chatmessage-serendipidu"><strong style="color:#7c53d9"><small> </small><span class="username" data-name="serendipidu">serendipidu</span>:</strong> <em>to live though</em></div><div class="chat chatmessage-tomkeap"><strong style="color:#416faf"><small> </small><span class="username" data-name="tomkeap">tomkeap</span>:</strong> <em>ggs :) good battle</em></div><div class="chat chatmessage-ksch"><strong style="color:#1db7b9"><small> </small><span class="username" data-name="ksch">ksch</span>:</strong> <em>what other cobalion moves</em></div><div class="chat chatmessage-phantom0rion"><strong style="color:#0aa74e"><small>☆</small><span class="username" data-name="Phantom0rion">Phantom0rion</span>:</strong> <em>ggs</em></div><div class="chat chatmessage-serendipidu"><strong style="color:#7c53d9"><small> </small><span class="username" data-name="serendipidu">serendipidu</span>:</strong> <em>toxic sub</em></div><div class="chat chatmessage-doctashock"><strong style="color:#15a4c7"><small>☆</small><span class="username" data-name="DoctaShock">DoctaShock</span>:</strong> <em>oh</em></div><div class="chat chatmessage-doctashock"><strong style="color:#15a4c7"><small>☆</small><span class="username" data-name="DoctaShock">DoctaShock</span>:</strong> <em>spooky coba</em></div><div class="chat chatmessage-tomkeap"><strong style="color:#416faf"><small> </small><span class="username" data-name="tomkeap">tomkeap</span>:</strong> <em>trick room diancie was spooky too</em></div><div class="chat"><small> daotxtoad joined;  foodss left</small></div><div class="chat chatmessage-doctashock"><strong style="color:#15a4c7"><small>☆</small><span class="username" data-name="DoctaShock">DoctaShock</span>:</strong> <em>diancie kinda went off</em></div><div class="chat"><small> daotxtoad left</small></div><div class="chat chatmessage-phantom0rion"><strong style="color:#0aa74e"><small>☆</small><span class="username" data-name="Phantom0rion">Phantom0rion</span>:</strong> <em>toxic was incase dirge got out of hand</em></div><div class="chat chatmessage-serendipidu"><strong style="color:#7c53d9"><small> </small><span class="username" data-name="serendipidu">serendipidu</span>:</strong> <em>terapagos specs?</em></div><div class="chat chatmessage-doctashock"><strong style="color:#15a4c7"><small>☆</small><span class="username" data-name="DoctaShock">DoctaShock</span>:</strong> <em>i thought about dirge</em></div><div class="chat chatmessage-doctashock"><strong style="color:#15a4c7"><small>☆</small><span class="username" data-name="DoctaShock">DoctaShock</span>:</strong> <em>nah</em></div><div class="chat chatmessage-phantom0rion"><strong style="color:#0aa74e"><small>☆</small><span class="username" data-name="Phantom0rion">Phantom0rion</span>:</strong> <em>kinda forgot body press was 4x resist oops</em></div><div class="chat chatmessage-ksch"><strong style="color:#1db7b9"><small> </small><span class="username" data-name="ksch">ksch</span>:</strong> <em>why not tera the first turn</em></div><div class="chat chatmessage-serendipidu"><strong style="color:#7c53d9"><small> </small><span class="username" data-name="serendipidu">serendipidu</span>:</strong> <em>knock off killed</em></div><div class="chat chatmessage-serendipidu"><strong style="color:#7c53d9"><small> </small><span class="username" data-name="serendipidu">serendipidu</span>:</strong> <em>if he predicted</em></div><div class="chat chatmessage-serendipidu"><strong style="color:#7c53d9"><small> </small><span class="username" data-name="serendipidu">serendipidu</span>:</strong> <em>still maybe right play</em></div><div class="chat chatmessage-doctashock"><strong style="color:#15a4c7"><small>☆</small><span class="username" data-name="DoctaShock">DoctaShock</span>:</strong> <em>i sorta thought i was getting heavy slammered</em></div><div class="chat chatmessage-doctashock"><strong style="color:#15a4c7"><small>☆</small><span class="username" data-name="DoctaShock">DoctaShock</span>:</strong> <em>lol</em></div><div class="chat"><small> Ausxh and ☆Phantom0rion left</small></div><div class="chat"><small> Gym Leder Brawl joined;  ReliantColey,  imred65,  conundromic, crownoji,  Bunnnies, and 3 others left</small></div></div><div class="inner-preempt message-log"></div></div></div>
</div>
<script>
let daily = Math.floor(Date.now()/1000/60/60/24);document.write('<script src="https://play.pokemonshowdown.com/js/replay-embed.js?version'+daily+'"></'+'script>');
</script>
