<!DOCTYPE html>
<meta charset="utf-8" />
<!-- version 1 -->
<title>[Gen 9] NatDex Draft replay: elementalassasin vs. ksch</title>
<style>
html,body {font-family:Verdana, sans-serif;font-size:10pt;margin:0;padding:0;}body{padding:12px 0;} .battle-log {font-family:Verdana, sans-serif;font-size:10pt;} .battle-log-inline {border:1px solid #AAAAAA;background:#EEF2F5;color:black;max-width:640px;margin:0 auto 80px;padding-bottom:5px;} .battle-log .inner {padding:4px 8px 0px 8px;} .battle-log .inner-preempt {padding:0 8px 4px 8px;} .battle-log .inner-after {margin-top:0.5em;} .battle-log h2 {margin:0.5em -8px;padding:4px 8px;border:1px solid #AAAAAA;background:#E0E7EA;border-left:0;border-right:0;font-family:Verdana, sans-serif;font-size:13pt;} .battle-log .chat {vertical-align:middle;padding:3px 0 3px 0;font-size:8pt;} .battle-log .chat strong {color:#40576A;} .battle-log .chat em {padding:1px 4px 1px 3px;color:#000000;font-style:normal;} .chat.mine {background:rgba(0,0,0,0.05);margin-left:-8px;margin-right:-8px;padding-left:8px;padding-right:8px;} .spoiler {color:#BBBBBB;background:#BBBBBB;padding:0px 3px;} .spoiler:hover, .spoiler:active, .spoiler-shown {color:#000000;background:#E2E2E2;padding:0px 3px;} .spoiler a {color:#BBBBBB;} .spoiler:hover a, .spoiler:active a, .spoiler-shown a {color:#2288CC;} .chat code, .chat .spoiler:hover code, .chat .spoiler:active code, .chat .spoiler-shown code {border:1px solid #C0C0C0;background:#EEEEEE;color:black;padding:0 2px;} .chat .spoiler code {border:1px solid #CCCCCC;background:#CCCCCC;color:#CCCCCC;} .battle-log .rated {padding:3px 4px;} .battle-log .rated strong {color:white;background:#89A;padding:1px 4px;border-radius:4px;} .spacer {margin-top:0.5em;} .message-announce {background:#6688AA;color:white;padding:1px 4px 2px;} .message-announce a, .broadcast-green a, .broadcast-blue a, .broadcast-red a {color:#DDEEFF;} .broadcast-green {background-color:#559955;color:white;padding:2px 4px;} .broadcast-blue {background-color:#6688AA;color:white;padding:2px 4px;} .infobox {border:1px solid #6688AA;padding:2px 4px;} .infobox-limited {max-height:200px;overflow:auto;overflow-x:hidden;} .broadcast-red {background-color:#AA5544;color:white;padding:2px 4px;} .message-learn-canlearn {font-weight:bold;color:#228822;text-decoration:underline;} .message-learn-cannotlearn {font-weight:bold;color:#CC2222;text-decoration:underline;} .message-effect-weak {font-weight:bold;color:#CC2222;} .message-effect-resist {font-weight:bold;color:#6688AA;} .message-effect-immune {font-weight:bold;color:#666666;} .message-learn-list {margin-top:0;margin-bottom:0;} .message-throttle-notice, .message-error {color:#992222;} .message-overflow, .chat small.message-overflow {font-size:0pt;} .message-overflow::before {font-size:9pt;content:'...';} .subtle {color:#3A4A66;}
</style>
<div class="wrapper replay-wrapper" style="max-width:1180px;margin:0 auto">
<input type="hidden" name="replayid" value="gen9natdexdraft-2166318639" />
<div class="battle"></div><div class="battle-log"></div><div class="replay-controls"></div><div class="replay-controls-2"></div>
<h1 style="font-weight:normal;text-align:center"><strong>[Gen 9] NatDex Draft</strong><br /><a href="http://pokemonshowdown.com/users/elementalassasin" class="subtle" target="_blank">elementalassasin</a> vs. <a href="http://pokemonshowdown.com/users/ksch" class="subtle" target="_blank">ksch</a></h1>
<script type="text/plain" class="battle-log-data">
|j|☆elementalassasin
|j|☆ksch
|t:|1721783472
|gametype|singles
|player|p1|elementalassasin|volkner|
|player|p2|ksch|swimmerf-gen4|
|teamsize|p1|6
|teamsize|p2|6
|gen|9
|tier|[Gen 9] NatDex Draft
|rule|Sleep Clause Mod: Limit one foe put to sleep
|rule|OHKO Clause: OHKO moves are banned
|rule|Evasion Clause: Evasion abilities, items, and moves are banned
|rule|Evasion Abilities Clause: Evasion abilities are banned
|rule|Evasion Items Clause: Evasion items are banned
|rule|Evasion Moves Clause: Evasion moves are banned
|rule|Endless Battle Clause: Forcing endless battles is banned
|rule|HP Percentage Mod: HP is shown in percentages
|clearpoke
|poke|p1|Glaceon, F|
|poke|p1|Urshifu-*, M|
|poke|p1|Raging Bolt|
|poke|p1|Talonflame, F|
|poke|p1|Tapu Fini|
|poke|p1|Weezing, M|
|poke|p2|Darkrai|
|poke|p2|Lokix, F|
|poke|p2|Gholdengo|
|poke|p2|Ogerpon-Wellspring, F|
|poke|p2|Uxie|
|poke|p2|Rhyperior, F|
|teampreview
|
|t:|1721783489
|start
|switch|p1a: Glaceon|Glaceon, F|100\/100
|switch|p2a: Rhyperior|Rhyperior, F|100\/100
|turn|1
|j| DoctaShock
|j| Phantom0rion
|j| adamchenblast23
|
|t:|1721783520
|-terastallize|p1a: Glaceon|Ice
|move|p1a: Glaceon|Ice Beam|p2a: Rhyperior
|-supereffective|p2a: Rhyperior
|-crit|p2a: Rhyperior
|-damage|p2a: Rhyperior|0 fnt
|faint|p2a: Rhyperior
|
|upkeep
|j| Crown Oji
|j| ChillerFrost
|
|t:|1721783567
|switch|p2a: Uxie|Uxie|100\/100
|turn|2
|j| Ausxh
|
|t:|1721783578
|switch|p1a: Tapu Fini|Tapu Fini|100\/100
|-fieldstart|move: Misty Terrain|[from] ability: Misty Surge|[of] p1a: Tapu Fini
|move|p2a: Uxie|Knock Off|p1a: Tapu Fini
|-resisted|p1a: Tapu Fini
|-damage|p1a: Tapu Fini|93\/100
|-enditem|p1a: Tapu Fini|Leftovers|[from] move: Knock Off|[of] p2a: Uxie
|
|upkeep
|turn|3
|c| Ausxh|go elementalassasin
|c|☆elementalassasin|ty for the support
|c|☆elementalassasin|i will be running as vp
|
|t:|1721783604
|move|p2a: Uxie|U-turn|p1a: Tapu Fini
|-resisted|p1a: Tapu Fini
|-damage|p1a: Tapu Fini|88\/100
|
|t:|1721783608
|switch|p2a: Ogerpon|Ogerpon-Wellspring, F|100\/100|[from] U-turn
|move|p1a: Tapu Fini|Moonblast|p2a: Ogerpon
|-damage|p2a: Ogerpon|63\/100
|
|upkeep
|turn|4
|
|t:|1721783617
|switch|p1a: Weezing|Weezing, M|100\/100
|move|p2a: Ogerpon|Horn Leech|p1a: Weezing
|-resisted|p1a: Weezing
|-damage|p1a: Weezing|86\/100
|-heal|p2a: Ogerpon|70\/100|[from] drain|[of] p1a: Weezing
|
|-heal|p1a: Weezing|92\/100|[from] item: Black Sludge
|upkeep
|turn|5
|
|t:|1721783626
|move|p2a: Ogerpon|U-turn|p1a: Weezing
|-resisted|p1a: Weezing
|-crit|p1a: Weezing
|-damage|p1a: Weezing|78\/100
|
|t:|1721783630
|switch|p2a: Uxie|Uxie|100\/100|[from] U-turn
|move|p1a: Weezing|Clear Smog|p2a: Uxie
|-damage|p2a: Uxie|89\/100
|-clearboost|p2a: Uxie
|
|-heal|p2a: Uxie|95\/100|[from] item: Leftovers
|-heal|p1a: Weezing|84\/100|[from] item: Black Sludge
|upkeep
|turn|6
|
|t:|1721783640
|switch|p1a: Tapu Fini|Tapu Fini|88\/100
|move|p2a: Uxie|Knock Off|p1a: Tapu Fini
|-resisted|p1a: Tapu Fini
|-damage|p1a: Tapu Fini|82\/100
|
|-heal|p2a: Uxie|100\/100|[from] item: Leftovers
|-fieldend|Misty Terrain
|upkeep
|turn|7
|
|t:|1721783649
|move|p2a: Uxie|U-turn|p1a: Tapu Fini
|-resisted|p1a: Tapu Fini
|-damage|p1a: Tapu Fini|77\/100
|
|t:|1721783661
|switch|p2a: Ogerpon|Ogerpon-Wellspring, F|70\/100|[from] U-turn
|move|p1a: Tapu Fini|Moonblast|p2a: Ogerpon
|-damage|p2a: Ogerpon|34\/100
|-unboost|p2a: Ogerpon|spa|1
|
|upkeep
|turn|8
|
|t:|1721783672
|move|p1a: Tapu Fini|Protect|p1a: Tapu Fini
|-singleturn|p1a: Tapu Fini|Protect
|move|p2a: Ogerpon|U-turn|p1a: Tapu Fini
|-activate|p1a: Tapu Fini|move: Protect
|
|upkeep
|turn|9
|
|t:|1721783680
|switch|p1a: Weezing|Weezing, M|84\/100
|move|p2a: Ogerpon|Horn Leech|p1a: Weezing
|-resisted|p1a: Weezing
|-damage|p1a: Weezing|69\/100
|-heal|p2a: Ogerpon|41\/100|[from] drain|[of] p1a: Weezing
|
|-heal|p1a: Weezing|75\/100|[from] item: Black Sludge
|upkeep
|turn|10
|j| daotxtoad
|j| serendipidu
|
|t:|1721783689
|move|p2a: Ogerpon|U-turn|p1a: Weezing
|-resisted|p1a: Weezing
|-damage|p1a: Weezing|67\/100
|
|t:|1721783692
|switch|p2a: Gholdengo|Gholdengo|100\/100|[from] U-turn
|-item|p2a: Gholdengo|Air Balloon
|move|p1a: Weezing|Toxic|p2a: Gholdengo
|-immune|p2a: Gholdengo|[from] ability: Good as Gold
|
|-heal|p1a: Weezing|73\/100|[from] item: Black Sludge
|upkeep
|turn|11
|
|t:|1721783705
|switch|p1a: Talonflame|Talonflame, F|100\/100
|move|p2a: Gholdengo|Shadow Ball|p1a: Talonflame
|-damage|p1a: Talonflame|40\/100
|-unboost|p1a: Talonflame|spd|1
|
|upkeep
|turn|12
|
|t:|1721783714
|switch|p2a: Uxie|Uxie|100\/100
|move|p1a: Talonflame|Flare Blitz|p2a: Uxie
|-crit|p2a: Uxie
|-damage|p2a: Uxie|65\/100
|-damage|p1a: Talonflame|29\/100|[from] Recoil
|
|-heal|p2a: Uxie|72\/100|[from] item: Leftovers
|upkeep
|turn|13
|
|t:|1721783725
|move|p1a: Talonflame|U-turn|p2a: Uxie
|-supereffective|p2a: Uxie
|-damage|p2a: Uxie|51\/100
|
|t:|1721783732
|switch|p1a: Tapu Fini|Tapu Fini|77\/100|[from] U-turn
|-fieldstart|move: Misty Terrain|[from] ability: Misty Surge|[of] p1a: Tapu Fini
|move|p2a: Uxie|Knock Off|p1a: Tapu Fini
|-resisted|p1a: Tapu Fini
|-damage|p1a: Tapu Fini|71\/100
|
|-heal|p2a: Uxie|58\/100|[from] item: Leftovers
|upkeep
|turn|14
|
|t:|1721783744
|move|p2a: Uxie|U-turn|p1a: Tapu Fini
|-resisted|p1a: Tapu Fini
|-damage|p1a: Tapu Fini|65\/100
|
|t:|1721783746
|switch|p2a: Gholdengo|Gholdengo|100\/100|[from] U-turn
|-item|p2a: Gholdengo|Air Balloon
|move|p1a: Tapu Fini|Moonblast|p2a: Gholdengo
|-resisted|p2a: Gholdengo
|-damage|p2a: Gholdengo|85\/100
|-unboost|p2a: Gholdengo|spa|1
|-enditem|p2a: Gholdengo|Air Balloon
|
|upkeep
|turn|15
|j| timcharlie
|
|t:|1721783767
|switch|p1a: Glaceon|Glaceon, F, tera:Ice|100\/100
|move|p2a: Gholdengo|Shadow Ball|p1a: Glaceon
|-damage|p1a: Glaceon|66\/100
|
|upkeep
|turn|16
|
|t:|1721783776
|move|p2a: Gholdengo|Focus Blast|p1a: Glaceon|[miss]
|-miss|p2a: Gholdengo|p1a: Glaceon
|move|p1a: Glaceon|Shadow Ball|p2a: Gholdengo
|-supereffective|p2a: Gholdengo
|-damage|p2a: Gholdengo|0 fnt
|faint|p2a: Gholdengo
|
|upkeep
|c|☆elementalassasin|ok i deserve to die there
|c|☆elementalassasin|omg
|
|t:|1721783786
|switch|p2a: Darkrai|Darkrai|100\/100
|turn|17
|
|t:|1721783791
|switch|p1a: Tapu Fini|Tapu Fini|65\/100
|move|p2a: Darkrai|Focus Blast|p1a: Tapu Fini
|-resisted|p1a: Tapu Fini
|-damage|p1a: Tapu Fini|54\/100
|
|-fieldend|Misty Terrain
|upkeep
|turn|18
|
|t:|1721783820
|move|p2a: Darkrai|Sludge Bomb|p1a: Tapu Fini
|-supereffective|p1a: Tapu Fini
|-damage|p1a: Tapu Fini|3\/100
|move|p1a: Tapu Fini|Moonblast|p2a: Darkrai
|-supereffective|p2a: Darkrai
|-damage|p2a: Darkrai|19\/100
|
|upkeep
|turn|19
|
|t:|1721783833
|move|p1a: Tapu Fini|Protect|p1a: Tapu Fini
|-singleturn|p1a: Tapu Fini|Protect
|move|p2a: Darkrai|Dark Pulse|p1a: Tapu Fini
|-activate|p1a: Tapu Fini|move: Protect
|
|upkeep
|turn|20
|c| Ausxh|nvm I can not be an elementalassasin supporter anymore
|
|t:|1721783839
|move|p2a: Darkrai|Dark Pulse|p1a: Tapu Fini
|-resisted|p1a: Tapu Fini
|-damage|p1a: Tapu Fini|0 fnt
|faint|p1a: Tapu Fini
|
|upkeep
|c| Ausxh|first he builds a stall team and then abuses hax
|c| Ausxh|smh
|c|☆elementalassasin|stay mad
|
|t:|1721783852
|switch|p1a: Talonflame|Talonflame, F|29\/100
|turn|21
|
|t:|1721783857
|switch|p2a: Uxie|Uxie|58\/100
|move|p1a: Talonflame|U-turn|p2a: Uxie
|-supereffective|p2a: Uxie
|-damage|p2a: Uxie|37\/100
|
|t:|1721783860
|switch|p1a: Urshifu|Urshifu, M|100\/100|[from] U-turn
|
|-heal|p2a: Uxie|43\/100|[from] item: Leftovers
|upkeep
|turn|22
|
|t:|1721783866
|move|p1a: Urshifu|U-turn|p2a: Uxie
|-supereffective|p2a: Uxie
|-damage|p2a: Uxie|2\/100
|
|t:|1721783872
|switch|p1a: Talonflame|Talonflame, F|29\/100|[from] U-turn
|move|p2a: Uxie|Toxic|p1a: Talonflame
|-status|p1a: Talonflame|tox
|
|-heal|p2a: Uxie|8\/100|[from] item: Leftovers
|-damage|p1a: Talonflame|23\/100 tox|[from] psn
|upkeep
|turn|23
|
|t:|1721783882
|move|p1a: Talonflame|U-turn|p2a: Uxie
|-supereffective|p2a: Uxie
|-damage|p2a: Uxie|0 fnt
|faint|p2a: Uxie
|c| timcharlie|adamchen wouldve already lost
|
|t:|1721783888
|switch|p1a: Urshifu|Urshifu, M|100\/100|[from] U-turn
|
|upkeep
|c|☆elementalassasin|TRUE
|
|t:|1721783899
|switch|p2a: Lokix|Lokix, F|100\/100
|turn|24
|
|t:|1721783908
|move|p2a: Lokix|First Impression|p1a: Urshifu
|-damage|p1a: Urshifu|54\/100
|move|p1a: Urshifu|U-turn|p2a: Lokix
|-supereffective|p2a: Lokix
|-damage|p2a: Lokix|20\/100
|
|t:|1721783912
|switch|p1a: Raging Bolt|Raging Bolt|100\/100|[from] U-turn
|
|upkeep
|turn|25
|
|t:|1721783920
|-terastallize|p2a: Lokix|Dark
|move|p1a: Raging Bolt|Thunderclap|p2a: Lokix
|-damage|p2a: Lokix|0 fnt
|faint|p2a: Lokix
|
|upkeep
|
|t:|1721783929
|switch|p2a: Darkrai|Darkrai|19\/100
|turn|26
|c|☆ksch|ggs
|
|t:|1721783935
|move|p1a: Raging Bolt|Thunderclap|p2a: Darkrai
|-damage|p2a: Darkrai|0 fnt
|faint|p2a: Darkrai
|
|upkeep
|c|☆elementalassasin|gg im so sorry
|
|t:|1721783939
|switch|p2a: Ogerpon|Ogerpon-Wellspring, F|41\/100
|turn|27
|
|t:|1721783942
|move|p1a: Raging Bolt|Thunderclap|p2a: Ogerpon
|-damage|p2a: Ogerpon|0 fnt
|faint|p2a: Ogerpon
|
|win|elementalassasin
|c|☆ksch|nah
|c| Phantom0rion|ele, ice type staying in on ghold is crazy
|c|☆ksch|i deserved to lose
|l| Crown Oji
|c|☆elementalassasin|yea i thought he would switch out
|c|☆elementalassasin|gg
|c| adamchenblast23|you broght shame to the pureblox name
|l| daotxtoad
|c| serendipidu|why would steel type switch out on ice type
|c| Ausxh|bc he loses
|c| Ausxh|ez.
|c|☆elementalassasin|ez clap

</script>
</div>
<div class="battle-log battle-log-inline"><div class="inner"><div class="battle-options"></div><div class="inner message-log"><div class="chat"><small>☆elementalassasin and ☆ksch joined</small></div><div class=""><small>Format:</small> <br><strong>[Gen 9] NatDex Draft</strong></div><div class=""><small><em>Sleep Clause Mod:</em> Limit one foe put to sleep</small></div><div class=""><small><em>OHKO Clause:</em> OHKO moves are banned</small></div><div class=""><small><em>Evasion Clause:</em> Evasion abilities, items, and moves are banned</small></div><div class=""><small><em>Evasion Abilities Clause:</em> Evasion abilities are banned</small></div><div class=""><small><em>Evasion Items Clause:</em> Evasion items are banned</small></div><div class=""><small><em>Evasion Moves Clause:</em> Evasion moves are banned</small></div><div class=""><small><em>Endless Battle Clause:</em> Forcing endless battles is banned</small></div><div class=""><small><em>HP Percentage Mod:</em> HP is shown in percentages</small></div><div class="chat battle-history"><strong>elementalassasin's team:</strong> <em style="color:#445566;display:block;">Glaceon / Urshifu-* / Raging Bolt / Talonflame / Tapu Fini / Weezing</em></div><div class="chat battle-history"><strong>ksch's team:</strong> <em style="color:#445566;display:block;">Darkrai / Lokix / Gholdengo / Ogerpon-Wellspring / Uxie / Rhyperior</em></div><div class="spacer battle-history"><br></div><div class="battle-history">Battle started between elementalassasin and ksch!<br></div><div class="spacer battle-history"><br></div><div class="battle-history">Go! <strong>Glaceon</strong>!<br></div><div class="spacer battle-history"><br></div><div class="battle-history">ksch sent out <strong>Rhyperior</strong>!<br></div><div class="spacer battle-history"><br></div><h2 class="battle-history">Turn 1</h2><div class="chat"><small> DoctaShock,  Phantom0rion, and  adamchenblast23 joined</small></div><div class="spacer battle-history"><br></div><div class="battle-history"><small>Glaceon has Terastallized into the Ice-type!</small><br></div><div class="spacer battle-history"><br></div><div class="battle-history">Glaceon used <strong>Ice Beam</strong>!<br></div><div class="battle-history"><small>It's super effective!</small><br></div><div class="battle-history"><small>A critical hit!</small><br></div><div class="battle-history"><small>(The opposing Rhyperior lost 100% of its health!)</small><br></div><div class="spacer battle-history"><br></div><div class="battle-history">The opposing Rhyperior fainted!<br></div><div class="chat"><small> Crown Oji and  ChillerFrost joined</small></div><div class="spacer battle-history"><br></div><div class="battle-history">ksch sent out <strong>Uxie</strong>!<br></div><div class="spacer battle-history"><br></div><h2 class="battle-history">Turn 2</h2><div class="chat"><small> Ausxh joined</small></div><div class="spacer battle-history"><br></div><div class="battle-history">Glaceon, come back!<br></div><div class="battle-history">Go! <strong>Tapu Fini</strong>!<br></div><div class="battle-history">[Tapu Fini's Misty Surge]<br><small>Mist swirled around the battlefield!</small><br></div><div class="spacer battle-history"><br></div><div class="battle-history">The opposing Uxie used <strong>Knock Off</strong>!<br></div><div class="battle-history"><small>It's not very effective...</small><br></div><div class="battle-history"><small>(Tapu Fini lost 7% of its health!)</small><br></div><div class="battle-history"><small>The opposing Uxie knocked off Tapu Fini's Leftovers!</small><br></div><div class="spacer battle-history"><br></div><h2 class="battle-history">Turn 3</h2><div class="chat chatmessage-ausxh"><strong style="color:#1d7ab4"><small> </small><span class="username" data-name="Ausxh">Ausxh</span>:</strong> <em>go elementalassasin</em></div><div class="chat chatmessage-elementalassasin"><strong style="color:#9b7e41"><small>☆</small><span class="username" data-name="elementalassasin">elementalassasin</span>:</strong> <em>ty for the support</em></div><div class="chat chatmessage-elementalassasin"><strong style="color:#9b7e41"><small>☆</small><span class="username" data-name="elementalassasin">elementalassasin</span>:</strong> <em>i will be running as vp</em></div><div class="spacer battle-history"><br></div><div class="battle-history">The opposing Uxie used <strong>U-turn</strong>!<br></div><div class="battle-history"><small>It's not very effective...</small><br></div><div class="battle-history"><small>(Tapu Fini lost 5% of its health!)</small><br></div><div class="spacer battle-history"><br></div><div class="battle-history">The opposing Uxie went back to ksch!<br></div><div class="battle-history">ksch sent out Ogerpon (<strong>Ogerpon-Wellspring</strong>)!<br></div><div class="spacer battle-history"><br></div><div class="battle-history">Tapu Fini used <strong>Moonblast</strong>!<br></div><div class="battle-history"><small>(The opposing Ogerpon lost 37% of its health!)</small><br></div><div class="spacer battle-history"><br></div><h2 class="battle-history">Turn 4</h2><div class="spacer battle-history"><br></div><div class="battle-history">Tapu Fini, come back!<br></div><div class="battle-history">Go! <strong>Weezing</strong>!<br></div><div class="spacer battle-history"><br></div><div class="battle-history">The opposing Ogerpon used <strong>Horn Leech</strong>!<br></div><div class="battle-history"><small>It's not very effective...</small><br></div><div class="battle-history"><small>(Weezing lost 14% of its health!)</small><br></div><div class="battle-history"><small>Weezing had its energy drained!</small><br></div><div class="spacer battle-history"><br></div><div class="battle-history"><small>Weezing restored a little HP using its Black Sludge!</small><br></div><div class="spacer battle-history"><br></div><h2 class="battle-history">Turn 5</h2><div class="spacer battle-history"><br></div><div class="battle-history">The opposing Ogerpon used <strong>U-turn</strong>!<br></div><div class="battle-history"><small>It's not very effective...</small><br></div><div class="battle-history"><small>A critical hit!</small><br></div><div class="battle-history"><small>(Weezing lost 14% of its health!)</small><br></div><div class="spacer battle-history"><br></div><div class="battle-history">The opposing Ogerpon went back to ksch!<br></div><div class="battle-history">ksch sent out <strong>Uxie</strong>!<br></div><div class="spacer battle-history"><br></div><div class="battle-history">Weezing used <strong>Clear Smog</strong>!<br></div><div class="battle-history"><small>(The opposing Uxie lost 11% of its health!)</small><br></div><div class="battle-history"><small>The opposing Uxie's stat changes were removed!</small><br></div><div class="spacer battle-history"><br></div><div class="battle-history"><small>The opposing Uxie restored a little HP using its Leftovers!</small><br></div><div class="battle-history"><small>Weezing restored a little HP using its Black Sludge!</small><br></div><div class="spacer battle-history"><br></div><h2 class="battle-history">Turn 6</h2><div class="spacer battle-history"><br></div><div class="battle-history">Weezing, come back!<br></div><div class="battle-history">Go! <strong>Tapu Fini</strong>!<br></div><div class="spacer battle-history"><br></div><div class="battle-history">The opposing Uxie used <strong>Knock Off</strong>!<br></div><div class="battle-history"><small>It's not very effective...</small><br></div><div class="battle-history"><small>(Tapu Fini lost 6% of its health!)</small><br></div><div class="spacer battle-history"><br></div><div class="battle-history"><small>The opposing Uxie restored a little HP using its Leftovers!</small><br></div><div class="battle-history"><small>The mist disappeared from the battlefield.</small><br></div><div class="spacer battle-history"><br></div><h2 class="battle-history">Turn 7</h2><div class="spacer battle-history"><br></div><div class="battle-history">The opposing Uxie used <strong>U-turn</strong>!<br></div><div class="battle-history"><small>It's not very effective...</small><br></div><div class="battle-history"><small>(Tapu Fini lost 5% of its health!)</small><br></div><div class="spacer battle-history"><br></div><div class="battle-history">The opposing Uxie went back to ksch!<br></div><div class="battle-history">ksch sent out Ogerpon (<strong>Ogerpon-Wellspring</strong>)!<br></div><div class="spacer battle-history"><br></div><div class="battle-history">Tapu Fini used <strong>Moonblast</strong>!<br></div><div class="battle-history"><small>(The opposing Ogerpon lost 36% of its health!)</small><br></div><div class="battle-history"><small>The opposing Ogerpon's Sp. Atk fell!</small><br></div><div class="spacer battle-history"><br></div><h2 class="battle-history">Turn 8</h2><div class="spacer battle-history"><br></div><div class="battle-history">Tapu Fini used <strong>Protect</strong>!<br></div><div class="battle-history"><small>Tapu Fini protected itself!</small><br></div><div class="spacer battle-history"><br></div><div class="battle-history">The opposing Ogerpon used <strong>U-turn</strong>!<br></div><div class="battle-history"><small>Tapu Fini protected itself!</small><br></div><div class="spacer battle-history"><br></div><h2 class="battle-history">Turn 9</h2><div class="spacer battle-history"><br></div><div class="battle-history">Tapu Fini, come back!<br></div><div class="battle-history">Go! <strong>Weezing</strong>!<br></div><div class="spacer battle-history"><br></div><div class="battle-history">The opposing Ogerpon used <strong>Horn Leech</strong>!<br></div><div class="battle-history"><small>It's not very effective...</small><br></div><div class="battle-history"><small>(Weezing lost 15% of its health!)</small><br></div><div class="battle-history"><small>Weezing had its energy drained!</small><br></div><div class="spacer battle-history"><br></div><div class="battle-history"><small>Weezing restored a little HP using its Black Sludge!</small><br></div><div class="spacer battle-history"><br></div><h2 class="battle-history">Turn 10</h2><div class="chat"><small> daotxtoad and  serendipidu joined</small></div><div class="spacer battle-history"><br></div><div class="battle-history">The opposing Ogerpon used <strong>U-turn</strong>!<br></div><div class="battle-history"><small>It's not very effective...</small><br></div><div class="battle-history"><small>(Weezing lost 8% of its health!)</small><br></div><div class="spacer battle-history"><br></div><div class="battle-history">The opposing Ogerpon went back to ksch!<br></div><div class="battle-history">ksch sent out <strong>Gholdengo</strong>!<br></div><div class="battle-history"><small>The opposing Gholdengo floats in the air with its Air Balloon!</small><br></div><div class="spacer battle-history"><br></div><div class="battle-history">Weezing used <strong>Toxic</strong>!<br></div><div class="battle-history">[The opposing Gholdengo's Good as Gold]<br><small>It doesn't affect the opposing Gholdengo...</small><br></div><div class="spacer battle-history"><br></div><div class="battle-history"><small>Weezing restored a little HP using its Black Sludge!</small><br></div><div class="spacer battle-history"><br></div><h2 class="battle-history">Turn 11</h2><div class="spacer battle-history"><br></div><div class="battle-history">Weezing, come back!<br></div><div class="battle-history">Go! <strong>Talonflame</strong>!<br></div><div class="spacer battle-history"><br></div><div class="battle-history">The opposing Gholdengo used <strong>Shadow Ball</strong>!<br></div><div class="battle-history"><small>(Talonflame lost 60% of its health!)</small><br></div><div class="battle-history"><small>Talonflame's Sp. Def fell!</small><br></div><div class="spacer battle-history"><br></div><h2 class="battle-history">Turn 12</h2><div class="spacer battle-history"><br></div><div class="battle-history">ksch withdrew Gholdengo!<br></div><div class="battle-history">ksch sent out <strong>Uxie</strong>!<br></div><div class="spacer battle-history"><br></div><div class="battle-history">Talonflame used <strong>Flare Blitz</strong>!<br></div><div class="battle-history"><small>A critical hit!</small><br></div><div class="battle-history"><small>(The opposing Uxie lost 35% of its health!)</small><br></div><div class="battle-history"><small>Talonflame was damaged by the recoil!</small><br></div><div class="spacer battle-history"><br></div><div class="battle-history"><small>The opposing Uxie restored a little HP using its Leftovers!</small><br></div><div class="spacer battle-history"><br></div><h2 class="battle-history">Turn 13</h2><div class="spacer battle-history"><br></div><div class="battle-history">Talonflame used <strong>U-turn</strong>!<br></div><div class="battle-history"><small>It's super effective!</small><br></div><div class="battle-history"><small>(The opposing Uxie lost 21% of its health!)</small><br></div><div class="spacer battle-history"><br></div><div class="battle-history">Talonflame went back to elementalassasin!<br></div><div class="battle-history">Go! <strong>Tapu Fini</strong>!<br></div><div class="battle-history">[Tapu Fini's Misty Surge]<br><small>Mist swirled around the battlefield!</small><br></div><div class="spacer battle-history"><br></div><div class="battle-history">The opposing Uxie used <strong>Knock Off</strong>!<br></div><div class="battle-history"><small>It's not very effective...</small><br></div><div class="battle-history"><small>(Tapu Fini lost 6% of its health!)</small><br></div><div class="spacer battle-history"><br></div><div class="battle-history"><small>The opposing Uxie restored a little HP using its Leftovers!</small><br></div><div class="spacer battle-history"><br></div><h2 class="battle-history">Turn 14</h2><div class="spacer battle-history"><br></div><div class="battle-history">The opposing Uxie used <strong>U-turn</strong>!<br></div><div class="battle-history"><small>It's not very effective...</small><br></div><div class="battle-history"><small>(Tapu Fini lost 6% of its health!)</small><br></div><div class="spacer battle-history"><br></div><div class="battle-history">The opposing Uxie went back to ksch!<br></div><div class="battle-history">ksch sent out <strong>Gholdengo</strong>!<br></div><div class="battle-history"><small>The opposing Gholdengo floats in the air with its Air Balloon!</small><br></div><div class="spacer battle-history"><br></div><div class="battle-history">Tapu Fini used <strong>Moonblast</strong>!<br></div><div class="battle-history"><small>It's not very effective...</small><br></div><div class="battle-history"><small>(The opposing Gholdengo lost 15% of its health!)</small><br></div><div class="battle-history"><small>The opposing Gholdengo's Sp. Atk fell!</small><br></div><div class="battle-history"><small>The opposing Gholdengo's Air Balloon popped!</small><br></div><div class="spacer battle-history"><br></div><h2 class="battle-history">Turn 15</h2><div class="chat"><small> timcharlie joined</small></div><div class="spacer battle-history"><br></div><div class="battle-history">Tapu Fini, come back!<br></div><div class="battle-history">Go! <strong>Glaceon</strong>!<br></div><div class="spacer battle-history"><br></div><div class="battle-history">The opposing Gholdengo used <strong>Shadow Ball</strong>!<br></div><div class="battle-history"><small>(Glaceon lost 34% of its health!)</small><br></div><div class="spacer battle-history"><br></div><h2 class="battle-history">Turn 16</h2><div class="spacer battle-history"><br></div><div class="battle-history">The opposing Gholdengo used <strong>Focus Blast</strong>!<br></div><div class="battle-history"><small>Glaceon avoided the attack!</small><br></div><div class="spacer battle-history"><br></div><div class="battle-history">Glaceon used <strong>Shadow Ball</strong>!<br></div><div class="battle-history"><small>It's super effective!</small><br></div><div class="battle-history"><small>(The opposing Gholdengo lost 85% of its health!)</small><br></div><div class="spacer battle-history"><br></div><div class="battle-history">The opposing Gholdengo fainted!<br></div><div class="chat chatmessage-elementalassasin"><strong style="color:#9b7e41"><small>☆</small><span class="username" data-name="elementalassasin">elementalassasin</span>:</strong> <em>ok i deserve to die there</em></div><div class="chat chatmessage-elementalassasin"><strong style="color:#9b7e41"><small>☆</small><span class="username" data-name="elementalassasin">elementalassasin</span>:</strong> <em>omg</em></div><div class="spacer battle-history"><br></div><div class="battle-history">ksch sent out <strong>Darkrai</strong>!<br></div><div class="spacer battle-history"><br></div><h2 class="battle-history">Turn 17</h2><div class="spacer battle-history"><br></div><div class="battle-history">Glaceon, come back!<br></div><div class="battle-history">Go! <strong>Tapu Fini</strong>!<br></div><div class="spacer battle-history"><br></div><div class="battle-history">The opposing Darkrai used <strong>Focus Blast</strong>!<br></div><div class="battle-history"><small>It's not very effective...</small><br></div><div class="battle-history"><small>(Tapu Fini lost 11% of its health!)</small><br></div><div class="spacer battle-history"><br></div><div class="battle-history"><small>The mist disappeared from the battlefield.</small><br></div><div class="spacer battle-history"><br></div><h2 class="battle-history">Turn 18</h2><div class="spacer battle-history"><br></div><div class="battle-history">The opposing Darkrai used <strong>Sludge Bomb</strong>!<br></div><div class="battle-history"><small>It's super effective!</small><br></div><div class="battle-history"><small>(Tapu Fini lost 51% of its health!)</small><br></div><div class="spacer battle-history"><br></div><div class="battle-history">Tapu Fini used <strong>Moonblast</strong>!<br></div><div class="battle-history"><small>It's super effective!</small><br></div><div class="battle-history"><small>(The opposing Darkrai lost 81% of its health!)</small><br></div><div class="spacer battle-history"><br></div><h2 class="battle-history">Turn 19</h2><div class="spacer battle-history"><br></div><div class="battle-history">Tapu Fini used <strong>Protect</strong>!<br></div><div class="battle-history"><small>Tapu Fini protected itself!</small><br></div><div class="spacer battle-history"><br></div><div class="battle-history">The opposing Darkrai used <strong>Dark Pulse</strong>!<br></div><div class="battle-history"><small>Tapu Fini protected itself!</small><br></div><div class="spacer battle-history"><br></div><h2 class="battle-history">Turn 20</h2><div class="chat chatmessage-ausxh"><strong style="color:#1d7ab4"><small> </small><span class="username" data-name="Ausxh">Ausxh</span>:</strong> <em>nvm I can not be an elementalassasin supporter anymore</em></div><div class="spacer battle-history"><br></div><div class="battle-history">The opposing Darkrai used <strong>Dark Pulse</strong>!<br></div><div class="battle-history"><small>It's not very effective...</small><br></div><div class="battle-history"><small>(Tapu Fini lost 3% of its health!)</small><br></div><div class="spacer battle-history"><br></div><div class="battle-history">Tapu Fini fainted!<br></div><div class="chat chatmessage-ausxh"><strong style="color:#1d7ab4"><small> </small><span class="username" data-name="Ausxh">Ausxh</span>:</strong> <em>first he builds a stall team and then abuses hax</em></div><div class="chat chatmessage-ausxh"><strong style="color:#1d7ab4"><small> </small><span class="username" data-name="Ausxh">Ausxh</span>:</strong> <em>smh</em></div><div class="chat chatmessage-elementalassasin"><strong style="color:#9b7e41"><small>☆</small><span class="username" data-name="elementalassasin">elementalassasin</span>:</strong> <em>stay mad</em></div><div class="spacer battle-history"><br></div><div class="battle-history">Go! <strong>Talonflame</strong>!<br></div><div class="spacer battle-history"><br></div><h2 class="battle-history">Turn 21</h2><div class="spacer battle-history"><br></div><div class="battle-history">ksch withdrew Darkrai!<br></div><div class="battle-history">ksch sent out <strong>Uxie</strong>!<br></div><div class="spacer battle-history"><br></div><div class="battle-history">Talonflame used <strong>U-turn</strong>!<br></div><div class="battle-history"><small>It's super effective!</small><br></div><div class="battle-history"><small>(The opposing Uxie lost 21% of its health!)</small><br></div><div class="spacer battle-history"><br></div><div class="battle-history">Talonflame went back to elementalassasin!<br></div><div class="battle-history">Go! <strong>Urshifu</strong>!<br></div><div class="spacer battle-history"><br></div><div class="battle-history"><small>The opposing Uxie restored a little HP using its Leftovers!</small><br></div><div class="spacer battle-history"><br></div><h2 class="battle-history">Turn 22</h2><div class="spacer battle-history"><br></div><div class="battle-history">Urshifu used <strong>U-turn</strong>!<br></div><div class="battle-history"><small>It's super effective!</small><br></div><div class="battle-history"><small>(The opposing Uxie lost 41% of its health!)</small><br></div><div class="spacer battle-history"><br></div><div class="battle-history">Urshifu went back to elementalassasin!<br></div><div class="battle-history">Go! <strong>Talonflame</strong>!<br></div><div class="spacer battle-history"><br></div><div class="battle-history">The opposing Uxie used <strong>Toxic</strong>!<br></div><div class="battle-history"><small>Talonflame was badly poisoned!</small><br></div><div class="spacer battle-history"><br></div><div class="battle-history"><small>The opposing Uxie restored a little HP using its Leftovers!</small><br></div><div class="battle-history"><small>Talonflame was hurt by poison!</small><br></div><div class="spacer battle-history"><br></div><h2 class="battle-history">Turn 23</h2><div class="spacer battle-history"><br></div><div class="battle-history">Talonflame used <strong>U-turn</strong>!<br></div><div class="battle-history"><small>It's super effective!</small><br></div><div class="battle-history"><small>(The opposing Uxie lost 8% of its health!)</small><br></div><div class="spacer battle-history"><br></div><div class="battle-history">The opposing Uxie fainted!<br></div><div class="chat chatmessage-timcharlie"><strong style="color:#a340b2"><small> </small><span class="username" data-name="timcharlie">timcharlie</span>:</strong> <em>adamchen wouldve already lost</em></div><div class="spacer battle-history"><br></div><div class="battle-history">Talonflame went back to elementalassasin!<br></div><div class="battle-history">Go! <strong>Urshifu</strong>!<br></div><div class="chat chatmessage-elementalassasin"><strong style="color:#9b7e41"><small>☆</small><span class="username" data-name="elementalassasin">elementalassasin</span>:</strong> <em>TRUE</em></div><div class="spacer battle-history"><br></div><div class="battle-history">ksch sent out <strong>Lokix</strong>!<br></div><div class="spacer battle-history"><br></div><h2 class="battle-history">Turn 24</h2><div class="spacer battle-history"><br></div><div class="battle-history">The opposing Lokix used <strong>First Impression</strong>!<br></div><div class="battle-history"><small>(Urshifu lost 46% of its health!)</small><br></div><div class="spacer battle-history"><br></div><div class="battle-history">Urshifu used <strong>U-turn</strong>!<br></div><div class="battle-history"><small>It's super effective!</small><br></div><div class="battle-history"><small>(The opposing Lokix lost 80% of its health!)</small><br></div><div class="spacer battle-history"><br></div><div class="battle-history">Urshifu went back to elementalassasin!<br></div><div class="battle-history">Go! <strong>Raging Bolt</strong>!<br></div><div class="spacer battle-history"><br></div><h2 class="battle-history">Turn 25</h2><div class="spacer battle-history"><br></div><div class="battle-history"><small>The opposing Lokix has Terastallized into the Dark-type!</small><br></div><div class="spacer battle-history"><br></div><div class="battle-history">Raging Bolt used <strong>Thunderclap</strong>!<br></div><div class="battle-history"><small>(The opposing Lokix lost 20% of its health!)</small><br></div><div class="spacer battle-history"><br></div><div class="battle-history">The opposing Lokix fainted!<br></div><div class="spacer battle-history"><br></div><div class="battle-history">ksch sent out <strong>Darkrai</strong>!<br></div><div class="spacer battle-history"><br></div><h2 class="battle-history">Turn 26</h2><div class="chat chatmessage-ksch"><strong style="color:#1db7b9"><small>☆</small><span class="username" data-name="ksch">ksch</span>:</strong> <em>ggs</em></div><div class="spacer battle-history"><br></div><div class="battle-history">Raging Bolt used <strong>Thunderclap</strong>!<br></div><div class="battle-history"><small>(The opposing Darkrai lost 19% of its health!)</small><br></div><div class="spacer battle-history"><br></div><div class="battle-history">The opposing Darkrai fainted!<br></div><div class="chat chatmessage-elementalassasin"><strong style="color:#9b7e41"><small>☆</small><span class="username" data-name="elementalassasin">elementalassasin</span>:</strong> <em>gg im so sorry</em></div><div class="spacer battle-history"><br></div><div class="battle-history">ksch sent out Ogerpon (<strong>Ogerpon-Wellspring</strong>)!<br></div><div class="spacer battle-history"><br></div><h2 class="battle-history">Turn 27</h2><div class="spacer battle-history"><br></div><div class="battle-history">Raging Bolt used <strong>Thunderclap</strong>!<br></div><div class="battle-history"><small>(The opposing Ogerpon lost 41% of its health!)</small><br></div><div class="spacer battle-history"><br></div><div class="battle-history">The opposing Ogerpon fainted!<br></div><div class="spacer battle-history"><br></div><div class="battle-history"><strong>elementalassasin</strong> won the battle!<br></div><div class="chat chatmessage-ksch"><strong style="color:#1db7b9"><small>☆</small><span class="username" data-name="ksch">ksch</span>:</strong> <em>nah</em></div><div class="chat chatmessage-phantom0rion"><strong style="color:#0aa74e"><small> </small><span class="username" data-name="Phantom0rion">Phantom0rion</span>:</strong> <em>ele, ice type staying in on ghold is crazy</em></div><div class="chat chatmessage-ksch"><strong style="color:#1db7b9"><small>☆</small><span class="username" data-name="ksch">ksch</span>:</strong> <em>i deserved to lose</em></div><div class="chat"><small> Crown Oji left</small></div><div class="chat chatmessage-elementalassasin"><strong style="color:#9b7e41"><small>☆</small><span class="username" data-name="elementalassasin">elementalassasin</span>:</strong> <em>yea i thought he would switch out</em></div><div class="chat chatmessage-elementalassasin"><strong style="color:#9b7e41"><small>☆</small><span class="username" data-name="elementalassasin">elementalassasin</span>:</strong> <em>gg</em></div><div class="chat chatmessage-adamchenblast23"><strong style="color:#369166"><small> </small><span class="username" data-name="adamchenblast23">adamchenblast23</span>:</strong> <em>you broght shame to the pureblox name</em></div><div class="chat"><small> daotxtoad left</small></div><div class="chat chatmessage-serendipidu"><strong style="color:#7c53d9"><small> </small><span class="username" data-name="serendipidu">serendipidu</span>:</strong> <em>why would steel type switch out on ice type</em></div><div class="chat chatmessage-ausxh"><strong style="color:#1d7ab4"><small> </small><span class="username" data-name="Ausxh">Ausxh</span>:</strong> <em>bc he loses</em></div><div class="chat chatmessage-ausxh"><strong style="color:#1d7ab4"><small> </small><span class="username" data-name="Ausxh">Ausxh</span>:</strong> <em>ez.</em></div><div class="chat chatmessage-elementalassasin"><strong style="color:#9b7e41"><small>☆</small><span class="username" data-name="elementalassasin">elementalassasin</span>:</strong> <em>ez clap</em></div></div><div class="inner-preempt message-log"></div></div></div>
</div>
<script>
let daily = Math.floor(Date.now()/1000/60/60/24);document.write('<script src="https://play.pokemonshowdown.com/js/replay-embed.js?version'+daily+'"></'+'script>');
</script>
