<!DOCTYPE html>
<meta charset="utf-8" />
<!-- version 1 -->
<title>[Gen 9] NatDex Draft replay: mukmuk1 vs. Ausxh</title>
<style>
html,body {font-family:Verdana, sans-serif;font-size:10pt;margin:0;padding:0;}body{padding:12px 0;} .battle-log {font-family:Verdana, sans-serif;font-size:10pt;} .battle-log-inline {border:1px solid #AAAAAA;background:#EEF2F5;color:black;max-width:640px;margin:0 auto 80px;padding-bottom:5px;} .battle-log .inner {padding:4px 8px 0px 8px;} .battle-log .inner-preempt {padding:0 8px 4px 8px;} .battle-log .inner-after {margin-top:0.5em;} .battle-log h2 {margin:0.5em -8px;padding:4px 8px;border:1px solid #AAAAAA;background:#E0E7EA;border-left:0;border-right:0;font-family:Verdana, sans-serif;font-size:13pt;} .battle-log .chat {vertical-align:middle;padding:3px 0 3px 0;font-size:8pt;} .battle-log .chat strong {color:#40576A;} .battle-log .chat em {padding:1px 4px 1px 3px;color:#000000;font-style:normal;} .chat.mine {background:rgba(0,0,0,0.05);margin-left:-8px;margin-right:-8px;padding-left:8px;padding-right:8px;} .spoiler {color:#BBBBBB;background:#BBBBBB;padding:0px 3px;} .spoiler:hover, .spoiler:active, .spoiler-shown {color:#000000;background:#E2E2E2;padding:0px 3px;} .spoiler a {color:#BBBBBB;} .spoiler:hover a, .spoiler:active a, .spoiler-shown a {color:#2288CC;} .chat code, .chat .spoiler:hover code, .chat .spoiler:active code, .chat .spoiler-shown code {border:1px solid #C0C0C0;background:#EEEEEE;color:black;padding:0 2px;} .chat .spoiler code {border:1px solid #CCCCCC;background:#CCCCCC;color:#CCCCCC;} .battle-log .rated {padding:3px 4px;} .battle-log .rated strong {color:white;background:#89A;padding:1px 4px;border-radius:4px;} .spacer {margin-top:0.5em;} .message-announce {background:#6688AA;color:white;padding:1px 4px 2px;} .message-announce a, .broadcast-green a, .broadcast-blue a, .broadcast-red a {color:#DDEEFF;} .broadcast-green {background-color:#559955;color:white;padding:2px 4px;} .broadcast-blue {background-color:#6688AA;color:white;padding:2px 4px;} .infobox {border:1px solid #6688AA;padding:2px 4px;} .infobox-limited {max-height:200px;overflow:auto;overflow-x:hidden;} .broadcast-red {background-color:#AA5544;color:white;padding:2px 4px;} .message-learn-canlearn {font-weight:bold;color:#228822;text-decoration:underline;} .message-learn-cannotlearn {font-weight:bold;color:#CC2222;text-decoration:underline;} .message-effect-weak {font-weight:bold;color:#CC2222;} .message-effect-resist {font-weight:bold;color:#6688AA;} .message-effect-immune {font-weight:bold;color:#666666;} .message-learn-list {margin-top:0;margin-bottom:0;} .message-throttle-notice, .message-error {color:#992222;} .message-overflow, .chat small.message-overflow {font-size:0pt;} .message-overflow::before {font-size:9pt;content:'...';} .subtle {color:#3A4A66;}
</style>
<div class="wrapper replay-wrapper" style="max-width:1180px;margin:0 auto">
<input type="hidden" name="replayid" value="gen9natdexdraft-2166391406" />
<div class="battle"></div><div class="battle-log"></div><div class="replay-controls"></div><div class="replay-controls-2"></div>
<h1 style="font-weight:normal;text-align:center"><strong>[Gen 9] NatDex Draft</strong><br /><a href="http://pokemonshowdown.com/users/mukmuk1" class="subtle" target="_blank">mukmuk1</a> vs. <a href="http://pokemonshowdown.com/users/ausxh" class="subtle" target="_blank">Ausxh</a></h1>
<script type="text/plain" class="battle-log-data">
|j|☆mukmuk1
|j|☆Ausxh
|t:|1721793865
|gametype|singles
|player|p1|mukmuk1|brycenman|
|player|p2|Ausxh|miku-ground|
|teamsize|p1|6
|teamsize|p2|6
|gen|9
|tier|[Gen 9] NatDex Draft
|rule|Sleep Clause Mod: Limit one foe put to sleep
|rule|OHKO Clause: OHKO moves are banned
|rule|Evasion Clause: Evasion abilities, items, and moves are banned
|rule|Evasion Abilities Clause: Evasion abilities are banned
|rule|Evasion Items Clause: Evasion items are banned
|rule|Evasion Moves Clause: Evasion moves are banned
|rule|Endless Battle Clause: Forcing endless battles is banned
|rule|HP Percentage Mod: HP is shown in percentages
|clearpoke
|poke|p1|Archaludon, M|
|poke|p1|Pelipper, F|
|poke|p1|Barraskewda, F|
|poke|p1|Chi-Yu|
|poke|p1|Lycanroc-Dusk, F|
|poke|p1|Necrozma|
|poke|p2|Iron Hands|
|poke|p2|Tapu Koko|
|poke|p2|Volcarona, F|
|poke|p2|Carracosta, M|
|poke|p2|Xurkitree|
|poke|p2|Zeraora|
|teampreview
|c|☆Ausxh|will get replay after
|c|☆mukmuk1|wheres your tera
|j| Phantom0rion
|j| ksch
|c|☆Ausxh|uhh
|c|☆Ausxh|ignore that
|c|☆Ausxh|I need to change my teras at some point
|j| daotxtoad
|j| serendipidu
|j| DoctaShock
|c| ksch|fish
|c| Phantom0rion|goldfish in rain pog
|
|t:|1721793983
|start
|switch|p1a: Chi-Yu|Chi-Yu|100\/100
|switch|p2a: mr hands|Iron Hands|100\/100
|-ability|p1a: Chi-Yu|Beads of Ruin
|turn|1
|j| Bunnnies
|j| Crown Oji
|
|t:|1721794054
|switch|p1a: Necrozma|Necrozma|100\/100
|move|p2a: mr hands|Drain Punch|p1a: Necrozma
|-resisted|p1a: Necrozma
|-damage|p1a: Necrozma|89\/100
|
|upkeep
|turn|2
|
|t:|1721794089
|move|p1a: Necrozma|Photon Geyser|p2a: mr hands
|-supereffective|p2a: mr hands
|-crit|p2a: mr hands
|-damage|p2a: mr hands|27\/100
|move|p2a: mr hands|Volt Switch|p1a: Necrozma
|-damage|p1a: Necrozma|78\/100
|inactive|Battle timer is ON: inactive players will automatically lose when time's up. (requested by Ausxh)
|inactiveoff|Battle timer is now OFF.
|c|☆Ausxh|wtf is this move bro
|c|☆mukmuk1|which 1
|c|☆Ausxh|photon geyser
|c|☆Ausxh|so op
|c|☆mukmuk1|!dex photon geyser
|raw|<ul class="utilichart"><li class="result"><span class="col movenamecol"><a href="https:\/\/dex.pokemonshowdown.com\/moves\/photongeyser">Photon Geyser<\/a><\/span> <span class="col typecol"><img src="\/\/play.pokemonshowdown.com\/sprites\/types\/Psychic.png" alt="Psychic" width="32" height="14"><img src="\/\/play.pokemonshowdown.com\/sprites\/categories\/Special.png" alt="Special" width="32" height="14"><\/span> <span class="col labelcol"><em>Power<\/em><br>100<\/span> <span class="col widelabelcol"><em>Accuracy<\/em><br>100%<\/span> <span class="col pplabelcol"><em>PP<\/em><br>8<\/span> <span class="col movedesccol">Physical if user's Atk > Sp. Atk. Ignores Abilities.<\/span> <\/li><li style="clear:both"><\/li><\/ul>

|c|☆mukmuk1|its just psychic
|c|☆mukmuk1|but u have 10 more base power
|c|☆Ausxh|maybe necrozma is just op
|
|t:|1721794244
|-end|p2a: mr hands|Quark Drive|[silent]
|switch|p2a: chat is this real|Tapu Koko|100\/100|[from] Volt Switch
|-fieldstart|move: Electric Terrain|[from] ability: Electric Surge|[of] p2a: chat is this real
|
|upkeep
|turn|3
|
|t:|1721794350
|move|p2a: chat is this real|U-turn|p1a: Necrozma
|-supereffective|p1a: Necrozma
|-damage|p1a: Necrozma|59\/100
|
|t:|1721794367
|switch|p2a: mr hands|Iron Hands|27\/100|[from] U-turn
|-activate|p2a: mr hands|ability: Quark Drive
|-start|p2a: mr hands|quarkdriveatk
|move|p1a: Necrozma|Photon Geyser|p2a: mr hands
|-supereffective|p2a: mr hands
|-damage|p2a: mr hands|0 fnt
|faint|p2a: mr hands
|-end|p2a: mr hands|Quark Drive|[silent]
|
|upkeep
|
|t:|1721794385
|switch|p2a: zeraaura|Zeraora|100\/100
|turn|4
|
|t:|1721794405
|move|p2a: zeraaura|Knock Off|p1a: Necrozma
|-supereffective|p1a: Necrozma
|-crit|p1a: Necrozma
|-damage|p1a: Necrozma|0 fnt
|-enditem|p1a: Necrozma|Sitrus Berry|[from] move: Knock Off|[of] p2a: zeraaura
|faint|p1a: Necrozma
|
|upkeep
|
|t:|1721794450
|switch|p1a: Lycanroc|Lycanroc-Dusk, F|100\/100
|turn|5
|j| elementalassasin
|
|t:|1721794482
|switch|p2a: im so cooked|Volcarona, F|100\/100
|-terastallize|p1a: Lycanroc|Fighting
|move|p1a: Lycanroc|Close Combat|p2a: im so cooked
|-resisted|p2a: im so cooked
|-damage|p2a: im so cooked|68\/100
|-unboost|p1a: Lycanroc|def|1
|-unboost|p1a: Lycanroc|spd|1
|
|upkeep
|turn|6
|c| elementalassasin|.\/weak volcarona
|c|☆mukmuk1|!weak volcarona
|c| mukmuk1|\/raw <div class="infobox">Volcarona (ignoring abilities):<br \/><span class="message-effect-weak">Weaknesses<\/span>: Flying, <b>Rock<\/b>, Water<br \/><span class="message-effect-resist">Resistances<\/span>: Bug, Fairy, Fighting, <b>Grass<\/b>, Ice, Steel<br \/><span class="message-effect-immune">Immunities<\/span>: Burn<\/div>
|
|t:|1721794548
|switch|p2a: chat is this real|Tapu Koko|100\/100
|move|p1a: Lycanroc|Stone Edge|p2a: chat is this real
|-damage|p2a: chat is this real|38\/100
|
|-fieldend|move: Electric Terrain
|upkeep
|turn|7
|
|t:|1721794579
|switch|p1a: Archaludon|Archaludon, M|100\/100
|move|p2a: chat is this real|Sky Attack||[still]
|-prepare|p2a: chat is this real|Sky Attack
|-enditem|p2a: chat is this real|Power Herb
|-anim|p2a: chat is this real|Sky Attack|p1a: Archaludon
|-resisted|p1a: Archaludon
|-damage|p1a: Archaludon|90\/100
|-ability|p1a: Archaludon|Stamina|boost
|-boost|p1a: Archaludon|def|1
|
|upkeep
|turn|8
|c|☆mukmuk1|WTF
|j| ReliantColey
|c| Bunnnies|???????
|c| elementalassasin|.\/dt sky attack
|c| serendipidu|kitchen on fire
|c|☆Ausxh|!dt sky attack
|raw|<ul class="utilichart"><li class="result"><span class="col movenamecol"><a href="https:\/\/dex.pokemonshowdown.com\/moves\/skyattack">Sky Attack<\/a><\/span> <span class="col typecol"><img src="\/\/play.pokemonshowdown.com\/sprites\/types\/Flying.png" alt="Flying" width="32" height="14"><img src="\/\/play.pokemonshowdown.com\/sprites\/categories\/Physical.png" alt="Physical" width="32" height="14"><\/span> <span class="col labelcol"><em>Power<\/em><br>140<\/span> <span class="col widelabelcol"><em>Accuracy<\/em><br>90%<\/span> <span class="col pplabelcol"><em>PP<\/em><br>8<\/span> <span class="col movedesccol">Charges, then hits turn 2. 30% flinch. High crit.<\/span> <\/li><li style="clear:both"><\/li><\/ul>
|raw|<font size="1"><font color="#686868">Priority:<\/font> 0&nbsp;|&ThickSpace;<font color="#686868">Gen:<\/font> 1&nbsp;|&ThickSpace;&#10003; Boosted by Sheer Force&nbsp;|&ThickSpace;&#10003; Two-turn move&nbsp;|&ThickSpace;<font color="#686868">Z-Power:<\/font> 200&nbsp;|&ThickSpace;<font color="#686868">Dynamax Power:<\/font> 140&nbsp;|&ThickSpace;<font color="#686868">Target:<\/font> Any Pokémon<\/font>

|c| elementalassasin|well
|c|☆Ausxh|unlucky ele
|c| elementalassasin|now what
|c|☆Ausxh|now he hits the electro shot
|c|☆Ausxh|xD
|
|t:|1721794683
|move|p2a: chat is this real|Thunder Wave|p1a: Archaludon
|-status|p1a: Archaludon|par
|move|p1a: Archaludon|Draco Meteor|p2a: chat is this real
|-immune|p2a: chat is this real
|
|upkeep
|turn|9
|c| Bunnnies|wait
|c| elementalassasin|ggez
|
|t:|1721794723
|move|p2a: chat is this real|U-turn|p1a: Archaludon
|-resisted|p1a: Archaludon
|-damage|p1a: Archaludon|85\/100 par
|-ability|p1a: Archaludon|Stamina|boost
|-boost|p1a: Archaludon|def|1
|
|t:|1721794728
|switch|p2a: im so cooked|Volcarona, F|68\/100|[from] U-turn
|cant|p1a: Archaludon|par
|
|upkeep
|turn|10
|
|t:|1721794754
|switch|p1a: Pelipper|Pelipper, F|100\/100
|-weather|RainDance|[from] ability: Drizzle|[of] p1a: Pelipper
|move|p2a: im so cooked|Light Screen|p2a: im so cooked
|-sidestart|p2: Ausxh|move: Light Screen
|
|-weather|RainDance|[upkeep]
|upkeep
|turn|11
|
|t:|1721794778
|move|p2a: im so cooked|Roost|p2a: im so cooked
|-heal|p2a: im so cooked|100\/100
|-singleturn|p2a: im so cooked|move: Roost
|move|p1a: Pelipper|Hurricane|p2a: im so cooked
|-supereffective|p2a: im so cooked
|-damage|p2a: im so cooked|69\/100
|
|-weather|RainDance|[upkeep]
|upkeep
|turn|12
|
|t:|1721794790
|move|p2a: im so cooked|Will-O-Wisp|p1a: Pelipper
|-status|p1a: Pelipper|brn
|move|p1a: Pelipper|U-turn|p2a: im so cooked
|-resisted|p2a: im so cooked
|-damage|p2a: im so cooked|67\/100
|
|t:|1721794796
|switch|p1a: Lycanroc|Lycanroc-Dusk, F, tera:Fighting|100\/100|[from] U-turn
|
|-weather|RainDance|[upkeep]
|upkeep
|turn|13
|
|t:|1721794812
|move|p1a: Lycanroc|Stone Edge|p2a: im so cooked
|-supereffective|p2a: im so cooked
|-damage|p2a: im so cooked|0 fnt
|faint|p2a: im so cooked
|
|-weather|RainDance|[upkeep]
|upkeep
|
|t:|1721794866
|switch|p2a: useless pokemon|Xurkitree|100\/100
|turn|14
|
|t:|1721794914
|switch|p1a: Archaludon|Archaludon, M|85\/100 par
|move|p2a: useless pokemon|Thunder|p1a: Archaludon
|-resisted|p1a: Archaludon
|-damage|p1a: Archaludon|56\/100 par
|-ability|p1a: Archaludon|Stamina|boost
|-boost|p1a: Archaludon|def|1
|
|-weather|RainDance|[upkeep]
|-sideend|p2: Ausxh|move: Light Screen
|upkeep
|turn|15
|c| elementalassasin|.\/weak archaludon
|
|t:|1721794943
|switch|p2a: zeraaura|Zeraora|100\/100
|move|p1a: Archaludon|Body Press|p2a: zeraaura
|-damage|p2a: zeraaura|42\/100
|
|-weather|RainDance|[upkeep]
|upkeep
|turn|16
|c|☆mukmuk1|!weak archaludon
|c| mukmuk1|\/raw <div class="infobox">Archaludon (ignoring abilities):<br \/><span class="message-effect-weak">Weaknesses<\/span>: Fighting, Ground<br \/><span class="message-effect-resist">Resistances<\/span>: Bug, Electric, Flying, <b>Grass<\/b>, Normal, Psychic, Rock, Steel, Water<br \/><span class="message-effect-immune">Immunities<\/span>: Poison, Sandstorm damage, Toxic<\/div>
|
|t:|1721794972
|move|p2a: zeraaura|Close Combat|p1a: Archaludon
|-supereffective|p1a: Archaludon
|-damage|p1a: Archaludon|18\/100 par
|-unboost|p2a: zeraaura|def|1
|-unboost|p2a: zeraaura|spd|1
|-ability|p1a: Archaludon|Stamina|boost
|-boost|p1a: Archaludon|def|1
|move|p1a: Archaludon|Body Press|p2a: zeraaura
|-damage|p2a: zeraaura|0 fnt
|faint|p2a: zeraaura
|
|-weather|RainDance|[upkeep]
|upkeep
|
|t:|1721794995
|switch|p2a: useless pokemon|Xurkitree|100\/100
|turn|17
|
|t:|1721795034
|move|p2a: useless pokemon|Volt Switch|p1a: Archaludon
|-resisted|p1a: Archaludon
|-damage|p1a: Archaludon|0 fnt
|faint|p1a: Archaludon
|-ability|p2a: useless pokemon|Beast Boost|boost
|-boost|p2a: useless pokemon|spa|1
|
|t:|1721795040
|switch|p2a: chat is this real|Tapu Koko|38\/100|[from] Volt Switch
|-fieldstart|move: Electric Terrain|[from] ability: Electric Surge|[of] p2a: chat is this real
|
|-weather|none
|upkeep
|
|t:|1721795094
|switch|p1a: Chi-Yu|Chi-Yu|100\/100
|-ability|p1a: Chi-Yu|Beads of Ruin
|turn|18
|
|t:|1721795112
|move|p2a: chat is this real|Acrobatics|p1a: Chi-Yu
|-damage|p1a: Chi-Yu|54\/100
|move|p1a: Chi-Yu|Dark Pulse|p2a: chat is this real
|-resisted|p2a: chat is this real
|-damage|p2a: chat is this real|0 fnt
|faint|p2a: chat is this real
|
|upkeep
|
|t:|1721795122
|switch|p2a: useless pokemon|Xurkitree|100\/100
|turn|19
|
|t:|1721795131
|move|p2a: useless pokemon|Rising Voltage|p1a: Chi-Yu
|-hint|Rising Voltage's BP doubled on grounded target.
|-damage|p1a: Chi-Yu|0 fnt
|faint|p1a: Chi-Yu
|-ability|p2a: useless pokemon|Beast Boost|boost
|-boost|p2a: useless pokemon|spa|1
|
|upkeep
|c| elementalassasin|.\/dt rising voltage
|c|☆Ausxh|!dt rising voltage
|raw|<ul class="utilichart"><li class="result"><span class="col movenamecol"><a href="https:\/\/dex.pokemonshowdown.com\/moves\/risingvoltage">Rising Voltage<\/a><\/span> <span class="col typecol"><img src="\/\/play.pokemonshowdown.com\/sprites\/types\/Electric.png" alt="Electric" width="32" height="14"><img src="\/\/play.pokemonshowdown.com\/sprites\/categories\/Special.png" alt="Special" width="32" height="14"><\/span> <span class="col labelcol"><em>Power<\/em><br>70<\/span> <span class="col widelabelcol"><em>Accuracy<\/em><br>100%<\/span> <span class="col pplabelcol"><em>PP<\/em><br>32<\/span> <span class="col movedesccol">2x power if target is grounded in Electric Terrain.<\/span> <\/li><li style="clear:both"><\/li><\/ul>
|raw|<font size="1"><font color="#686868">Priority:<\/font> 0&nbsp;|&ThickSpace;<font color="#686868">Gen:<\/font> 8&nbsp;|&ThickSpace;<font color="#686868">Z-Power:<\/font> 140&nbsp;|&ThickSpace;<font color="#686868">Dynamax Power:<\/font> 140&nbsp;|&ThickSpace;<font color="#686868">Target:<\/font> One Adjacent Pokémon<\/font>

|
|t:|1721795147
|switch|p1a: Lycanroc|Lycanroc-Dusk, F, tera:Fighting|100\/100
|turn|20
|
|t:|1721795157
|move|p2a: useless pokemon|Rising Voltage|p1a: Lycanroc
|-hint|Rising Voltage's BP doubled on grounded target.
|-enditem|p1a: Lycanroc|Focus Sash
|-damage|p1a: Lycanroc|1\/100
|move|p1a: Lycanroc|Close Combat|p2a: useless pokemon
|-damage|p2a: useless pokemon|0 fnt
|-unboost|p1a: Lycanroc|def|1
|-unboost|p1a: Lycanroc|spd|1
|faint|p2a: useless pokemon
|
|upkeep
|
|t:|1721795162
|switch|p2a: max brainrot|Carracosta, M|100\/100
|turn|21
|c| elementalassasin|ah ggs
|
|t:|1721795169
|move|p1a: Lycanroc|Close Combat|p2a: max brainrot
|-supereffective|p2a: max brainrot
|-damage|p2a: max brainrot|0 fnt
|-unboost|p1a: Lycanroc|def|1
|-unboost|p1a: Lycanroc|spd|1
|faint|p2a: max brainrot
|
|win|mukmuk1
|c|☆mukmuk1|gg
|c|☆Ausxh|gg
|c|☆mukmuk1|no aqua jet ?
|c|☆Ausxh|um...
|c|☆Ausxh|=)
|c|☆Ausxh|it's meteor beam
|c|☆mukmuk1|LOL
|c|☆Ausxh|and also swift swim...
|c|☆mukmuk1|my rain was useless
|c|☆mukmuk1|why did i get 3 rain pokemon
|c|☆Ausxh|kekw
|c| elementalassasin|not even floatzel
|c| elementalassasin|ggs
|c|☆mukmuk1|ggs
|c| serendipidu|to limit your chi yu
|c|☆Ausxh|I mean archaludon is kinda op though
|c|☆mukmuk1|yea
|c|☆mukmuk1|but u dont need rain for it
|c|☆mukmuk1|apparently
|c|☆Ausxh|guess not
|l| Bunnnies
|c|☆mukmuk1|can i get more transactions
|c|☆Ausxh|I mean barraskewda would've won in the end anyway
|c|☆mukmuk1|to grief our team further
|c|☆Ausxh|lol
|c| serendipidu|did u know arch gets sd
|c| elementalassasin|yea same
|c| elementalassasin|can we trade transactions pls
|l| ksch
|c|☆mukmuk1|sure
|l| Phantom0rion
|l| serendipidu

</script>
</div>
<div class="battle-log battle-log-inline"><div class="inner"><div class="battle-options"></div><div class="inner message-log"><div class="chat"><small>☆mukmuk1 and ☆Ausxh joined</small></div><div class=""><small>Format:</small> <br><strong>[Gen 9] NatDex Draft</strong></div><div class=""><small><em>Sleep Clause Mod:</em> Limit one foe put to sleep</small></div><div class=""><small><em>OHKO Clause:</em> OHKO moves are banned</small></div><div class=""><small><em>Evasion Clause:</em> Evasion abilities, items, and moves are banned</small></div><div class=""><small><em>Evasion Abilities Clause:</em> Evasion abilities are banned</small></div><div class=""><small><em>Evasion Items Clause:</em> Evasion items are banned</small></div><div class=""><small><em>Evasion Moves Clause:</em> Evasion moves are banned</small></div><div class=""><small><em>Endless Battle Clause:</em> Forcing endless battles is banned</small></div><div class=""><small><em>HP Percentage Mod:</em> HP is shown in percentages</small></div><div class="chat battle-history"><strong>mukmuk1's team:</strong> <em style="color:#445566;display:block;">Archaludon / Pelipper / Barraskewda / Chi-Yu / Lycanroc-Dusk / Necrozma</em></div><div class="chat battle-history"><strong>Ausxh's team:</strong> <em style="color:#445566;display:block;">Iron Hands / Tapu Koko / Volcarona / Carracosta / Xurkitree / Zeraora</em></div><div class="chat chatmessage-ausxh"><strong style="color:#1d7ab4"><small>☆</small><span class="username" data-name="Ausxh">Ausxh</span>:</strong> <em>will get replay after</em></div><div class="chat chatmessage-mukmuk1"><strong style="color:#ce261d"><small>☆</small><span class="username" data-name="mukmuk1">mukmuk1</span>:</strong> <em>wheres your tera</em></div><div class="chat"><small> Phantom0rion and  ksch joined</small></div><div class="chat chatmessage-ausxh"><strong style="color:#1d7ab4"><small>☆</small><span class="username" data-name="Ausxh">Ausxh</span>:</strong> <em>uhh</em></div><div class="chat chatmessage-ausxh"><strong style="color:#1d7ab4"><small>☆</small><span class="username" data-name="Ausxh">Ausxh</span>:</strong> <em>ignore that</em></div><div class="chat chatmessage-ausxh"><strong style="color:#1d7ab4"><small>☆</small><span class="username" data-name="Ausxh">Ausxh</span>:</strong> <em>I need to change my teras at some point</em></div><div class="chat"><small> daotxtoad,  serendipidu, and  DoctaShock joined</small></div><div class="chat chatmessage-ksch"><strong style="color:#1db7b9"><small> </small><span class="username" data-name="ksch">ksch</span>:</strong> <em>fish</em></div><div class="chat chatmessage-phantom0rion"><strong style="color:#0aa74e"><small> </small><span class="username" data-name="Phantom0rion">Phantom0rion</span>:</strong> <em>goldfish in rain pog</em></div><div class="spacer battle-history"><br></div><div class="battle-history">Battle started between mukmuk1 and Ausxh!<br></div><div class="spacer battle-history"><br></div><div class="battle-history">Go! <strong>Chi-Yu</strong>!<br></div><div class="spacer battle-history"><br></div><div class="battle-history">Ausxh sent out mr hands (<strong>Iron Hands</strong>)!<br></div><div class="battle-history">[Chi-Yu's Beads of Ruin]<br><small>Chi-Yu's Beads of Ruin weakened the Sp. Def of all surrounding Pokémon!</small><br></div><div class="spacer battle-history"><br></div><h2 class="battle-history">Turn 1</h2><div class="chat"><small> Bunnnies and  Crown Oji joined</small></div><div class="spacer battle-history"><br></div><div class="battle-history">Chi-Yu, come back!<br></div><div class="battle-history">Go! <strong>Necrozma</strong>!<br></div><div class="spacer battle-history"><br></div><div class="battle-history">The opposing mr hands used <strong>Drain Punch</strong>!<br></div><div class="battle-history"><small>It's not very effective...</small><br></div><div class="battle-history"><small>(Necrozma lost 11% of its health!)</small><br></div><div class="spacer battle-history"><br></div><h2 class="battle-history">Turn 2</h2><div class="spacer battle-history"><br></div><div class="battle-history">Necrozma used <strong>Photon Geyser</strong>!<br></div><div class="battle-history"><small>It's super effective!</small><br></div><div class="battle-history"><small>A critical hit!</small><br></div><div class="battle-history"><small>(The opposing mr hands lost 73% of its health!)</small><br></div><div class="spacer battle-history"><br></div><div class="battle-history">The opposing mr hands used <strong>Volt Switch</strong>!<br></div><div class="battle-history"><small>(Necrozma lost 11% of its health!)</small><br></div><div class="chat message-error">Battle timer is ON: inactive players will automatically lose when time's up. (requested by Ausxh)</div><div class="chat message-error">Battle timer is now OFF.</div><div class="chat chatmessage-ausxh"><strong style="color:#1d7ab4"><small>☆</small><span class="username" data-name="Ausxh">Ausxh</span>:</strong> <em>wtf is this move bro</em></div><div class="chat chatmessage-mukmuk1"><strong style="color:#ce261d"><small>☆</small><span class="username" data-name="mukmuk1">mukmuk1</span>:</strong> <em>which 1</em></div><div class="chat chatmessage-ausxh"><strong style="color:#1d7ab4"><small>☆</small><span class="username" data-name="Ausxh">Ausxh</span>:</strong> <em>photon geyser</em></div><div class="chat chatmessage-ausxh"><strong style="color:#1d7ab4"><small>☆</small><span class="username" data-name="Ausxh">Ausxh</span>:</strong> <em>so op</em></div><div class="chat chatmessage-mukmuk1"><strong style="color:#ce261d"><small>☆</small><span class="username" data-name="mukmuk1">mukmuk1</span>:</strong> <em>!dex photon geyser</em></div><div class="chat"><ul class="utilichart"><li class="result"><span class="col movenamecol"><a href="https://dex.pokemonshowdown.com/moves/photongeyser" target="_blank" rel="noopener">Photon Geyser</a></span> <span class="col typecol"><img src="//play.pokemonshowdown.com/sprites/types/Psychic.png" alt="Psychic" width="32" height="14"><img src="//play.pokemonshowdown.com/sprites/categories/Special.png" alt="Special" width="32" height="14"></span> <span class="col labelcol"><em>Power</em><br>100</span> <span class="col widelabelcol"><em>Accuracy</em><br>100%</span> <span class="col pplabelcol"><em>PP</em><br>8</span> <span class="col movedesccol">Physical if user's Atk &gt; Sp. Atk. Ignores Abilities.</span> </li><li></li></ul></div><div class="chat chatmessage-mukmuk1"><strong style="color:#ce261d"><small>☆</small><span class="username" data-name="mukmuk1">mukmuk1</span>:</strong> <em>its just psychic</em></div><div class="chat chatmessage-mukmuk1"><strong style="color:#ce261d"><small>☆</small><span class="username" data-name="mukmuk1">mukmuk1</span>:</strong> <em>but u have 10 more base power</em></div><div class="chat chatmessage-ausxh"><strong style="color:#1d7ab4"><small>☆</small><span class="username" data-name="Ausxh">Ausxh</span>:</strong> <em>maybe necrozma is just op</em></div><div class="spacer battle-history"><br></div><div class="battle-history">The opposing mr hands went back to Ausxh!<br></div><div class="battle-history">Ausxh sent out chat is this real (<strong>Tapu Koko</strong>)!<br></div><div class="battle-history">[The opposing chat is this real's Electric Surge]<br><small>An electric current ran across the battlefield!</small><br></div><div class="spacer battle-history"><br></div><h2 class="battle-history">Turn 3</h2><div class="spacer battle-history"><br></div><div class="battle-history">The opposing chat is this real used <strong>U-turn</strong>!<br></div><div class="battle-history"><small>It's super effective!</small><br></div><div class="battle-history"><small>(Necrozma lost 19% of its health!)</small><br></div><div class="spacer battle-history"><br></div><div class="battle-history">The opposing chat is this real went back to Ausxh!<br></div><div class="battle-history">Ausxh sent out mr hands (<strong>Iron Hands</strong>)!<br></div><div class="battle-history">[The opposing mr hands's Quark Drive]<br><small>The Electric Terrain activated the opposing mr hands's Quark Drive!</small><br></div><div class="battle-history"><small>The opposing mr hands's Attack was heightened!</small><br></div><div class="spacer battle-history"><br></div><div class="battle-history">Necrozma used <strong>Photon Geyser</strong>!<br></div><div class="battle-history"><small>It's super effective!</small><br></div><div class="battle-history"><small>(The opposing mr hands lost 27% of its health!)</small><br></div><div class="spacer battle-history"><br></div><div class="battle-history">The opposing mr hands fainted!<br></div><div class="spacer battle-history"><br></div><div class="battle-history">Ausxh sent out zeraaura (<strong>Zeraora</strong>)!<br></div><div class="spacer battle-history"><br></div><h2 class="battle-history">Turn 4</h2><div class="spacer battle-history"><br></div><div class="battle-history">The opposing zeraaura used <strong>Knock Off</strong>!<br></div><div class="battle-history"><small>It's super effective!</small><br></div><div class="battle-history"><small>A critical hit!</small><br></div><div class="battle-history"><small>(Necrozma lost 59% of its health!)</small><br></div><div class="battle-history"><small>The opposing zeraaura knocked off Necrozma's Sitrus Berry!</small><br></div><div class="spacer battle-history"><br></div><div class="battle-history">Necrozma fainted!<br></div><div class="spacer battle-history"><br></div><div class="battle-history">Go! Lycanroc (<strong>Lycanroc-Dusk</strong>)!<br></div><div class="spacer battle-history"><br></div><h2 class="battle-history">Turn 5</h2><div class="chat"><small> elementalassasin joined</small></div><div class="spacer battle-history"><br></div><div class="battle-history">Ausxh withdrew zeraaura!<br></div><div class="battle-history">Ausxh sent out im so cooked (<strong>Volcarona</strong>)!<br></div><div class="spacer battle-history"><br></div><div class="battle-history"><small>Lycanroc has Terastallized into the Fighting-type!</small><br></div><div class="spacer battle-history"><br></div><div class="battle-history">Lycanroc used <strong>Close Combat</strong>!<br></div><div class="battle-history"><small>It's not very effective...</small><br></div><div class="battle-history"><small>(The opposing im so cooked lost 32% of its health!)</small><br></div><div class="battle-history"><small>Lycanroc's Defense fell!</small><br></div><div class="battle-history"><small>Lycanroc's Sp. Def fell!</small><br></div><div class="spacer battle-history"><br></div><h2 class="battle-history">Turn 6</h2><div class="chat chatmessage-elementalassasin"><strong style="color:#9b7e41"><small> </small><span class="username" data-name="elementalassasin">elementalassasin</span>:</strong> <em>./weak volcarona</em></div><div class="chat chatmessage-mukmuk1"><strong style="color:#ce261d"><small>☆</small><span class="username" data-name="mukmuk1">mukmuk1</span>:</strong> <em>!weak volcarona</em></div><div class="chat"><div class="infobox">Volcarona (ignoring abilities):<br><span class="message-effect-weak">Weaknesses</span>: Flying, <b>Rock</b>, Water<br><span class="message-effect-resist">Resistances</span>: Bug, Fairy, Fighting, <b>Grass</b>, Ice, Steel<br><span class="message-effect-immune">Immunities</span>: Burn</div></div><div class="spacer battle-history"><br></div><div class="battle-history">Ausxh withdrew im so cooked!<br></div><div class="battle-history">Ausxh sent out chat is this real (<strong>Tapu Koko</strong>)!<br></div><div class="spacer battle-history"><br></div><div class="battle-history">Lycanroc used <strong>Stone Edge</strong>!<br></div><div class="battle-history"><small>(The opposing chat is this real lost 62% of its health!)</small><br></div><div class="spacer battle-history"><br></div><div class="battle-history"><small>The electricity disappeared from the battlefield.</small><br></div><div class="spacer battle-history"><br></div><h2 class="battle-history">Turn 7</h2><div class="spacer battle-history"><br></div><div class="battle-history">Lycanroc, come back!<br></div><div class="battle-history">Go! <strong>Archaludon</strong>!<br></div><div class="spacer battle-history"><br></div><div class="battle-history">The opposing chat is this real used <strong>Sky Attack</strong>!<br></div><div class="battle-history">The opposing chat is this real became cloaked in a harsh light!<br></div><div class="battle-history"><small>The opposing chat is this real became fully charged due to its Power Herb!</small><br></div><div class="battle-history"><small>It's not very effective...</small><br></div><div class="battle-history"><small>(Archaludon lost 10% of its health!)</small><br></div><div class="battle-history">[Archaludon's Stamina]<br></div><div class="battle-history"><small>Archaludon's Defense rose!</small><br></div><div class="spacer battle-history"><br></div><h2 class="battle-history">Turn 8</h2><div class="chat chatmessage-mukmuk1"><strong style="color:#ce261d"><small>☆</small><span class="username" data-name="mukmuk1">mukmuk1</span>:</strong> <em>WTF</em></div><div class="chat"><small> ReliantColey joined</small></div><div class="chat chatmessage-bunnnies"><strong style="color:#8a36e4"><small> </small><span class="username" data-name="Bunnnies">Bunnnies</span>:</strong> <em>???????</em></div><div class="chat chatmessage-elementalassasin"><strong style="color:#9b7e41"><small> </small><span class="username" data-name="elementalassasin">elementalassasin</span>:</strong> <em>./dt sky attack</em></div><div class="chat chatmessage-serendipidu"><strong style="color:#7c53d9"><small> </small><span class="username" data-name="serendipidu">serendipidu</span>:</strong> <em>kitchen on fire</em></div><div class="chat chatmessage-ausxh"><strong style="color:#1d7ab4"><small>☆</small><span class="username" data-name="Ausxh">Ausxh</span>:</strong> <em>!dt sky attack</em></div><div class="chat"><ul class="utilichart"><li class="result"><span class="col movenamecol"><a href="https://dex.pokemonshowdown.com/moves/skyattack" target="_blank" rel="noopener">Sky Attack</a></span> <span class="col typecol"><img src="//play.pokemonshowdown.com/sprites/types/Flying.png" alt="Flying" width="32" height="14"><img src="//play.pokemonshowdown.com/sprites/categories/Physical.png" alt="Physical" width="32" height="14"></span> <span class="col labelcol"><em>Power</em><br>140</span> <span class="col widelabelcol"><em>Accuracy</em><br>90%</span> <span class="col pplabelcol"><em>PP</em><br>8</span> <span class="col movedesccol">Charges, then hits turn 2. 30% flinch. High crit.</span> </li><li></li></ul></div><div class="chat"><font size="1"><font color="#686868">Priority:</font> 0&nbsp;|  <font color="#686868">Gen:</font> 1&nbsp;|  ✓ Boosted by Sheer Force&nbsp;|  ✓ Two-turn move&nbsp;|  <font color="#686868">Z-Power:</font> 200&nbsp;|  <font color="#686868">Dynamax Power:</font> 140&nbsp;|  <font color="#686868">Target:</font> Any Pokémon</font></div><div class="chat chatmessage-elementalassasin"><strong style="color:#9b7e41"><small> </small><span class="username" data-name="elementalassasin">elementalassasin</span>:</strong> <em>well</em></div><div class="chat chatmessage-ausxh"><strong style="color:#1d7ab4"><small>☆</small><span class="username" data-name="Ausxh">Ausxh</span>:</strong> <em>unlucky ele</em></div><div class="chat chatmessage-elementalassasin"><strong style="color:#9b7e41"><small> </small><span class="username" data-name="elementalassasin">elementalassasin</span>:</strong> <em>now what</em></div><div class="chat chatmessage-ausxh"><strong style="color:#1d7ab4"><small>☆</small><span class="username" data-name="Ausxh">Ausxh</span>:</strong> <em>now he hits the electro shot</em></div><div class="chat chatmessage-ausxh"><strong style="color:#1d7ab4"><small>☆</small><span class="username" data-name="Ausxh">Ausxh</span>:</strong> <em>xD</em></div><div class="spacer battle-history"><br></div><div class="battle-history">The opposing chat is this real used <strong>Thunder Wave</strong>!<br></div><div class="battle-history"><small>Archaludon is paralyzed! It may be unable to move!</small><br></div><div class="spacer battle-history"><br></div><div class="battle-history">Archaludon used <strong>Draco Meteor</strong>!<br></div><div class="battle-history"><small>It doesn't affect the opposing chat is this real...</small><br></div><div class="spacer battle-history"><br></div><h2 class="battle-history">Turn 9</h2><div class="chat chatmessage-bunnnies"><strong style="color:#8a36e4"><small> </small><span class="username" data-name="Bunnnies">Bunnnies</span>:</strong> <em>wait</em></div><div class="chat chatmessage-elementalassasin"><strong style="color:#9b7e41"><small> </small><span class="username" data-name="elementalassasin">elementalassasin</span>:</strong> <em>ggez</em></div><div class="spacer battle-history"><br></div><div class="battle-history">The opposing chat is this real used <strong>U-turn</strong>!<br></div><div class="battle-history"><small>It's not very effective...</small><br></div><div class="battle-history"><small>(Archaludon lost 5% of its health!)</small><br></div><div class="battle-history">[Archaludon's Stamina]<br></div><div class="battle-history"><small>Archaludon's Defense rose!</small><br></div><div class="spacer battle-history"><br></div><div class="battle-history">The opposing chat is this real went back to Ausxh!<br></div><div class="battle-history">Ausxh sent out im so cooked (<strong>Volcarona</strong>)!<br></div><div class="spacer battle-history"><br></div><div class="battle-history">Archaludon is paralyzed! It can't move!<br></div><div class="spacer battle-history"><br></div><h2 class="battle-history">Turn 10</h2><div class="spacer battle-history"><br></div><div class="battle-history">Archaludon, come back!<br></div><div class="battle-history">Go! <strong>Pelipper</strong>!<br></div><div class="battle-history">[Pelipper's Drizzle]<br><small>It started to rain!</small><br></div><div class="spacer battle-history"><br></div><div class="battle-history">The opposing im so cooked used <strong>Light Screen</strong>!<br></div><div class="battle-history"><small>Light Screen made the opposing team stronger against special moves!</small><br></div><div class="spacer battle-history"><br></div><div class="battle-history"><small>(Rain continues to fall.)</small><br></div><div class="spacer battle-history"><br></div><h2 class="battle-history">Turn 11</h2><div class="spacer battle-history"><br></div><div class="battle-history">The opposing im so cooked used <strong>Roost</strong>!<br></div><div class="battle-history"><small>The opposing im so cooked had its HP restored.</small><br></div><div class="spacer battle-history"><br></div><div class="battle-history">Pelipper used <strong>Hurricane</strong>!<br></div><div class="battle-history"><small>It's super effective!</small><br></div><div class="battle-history"><small>(The opposing im so cooked lost 31% of its health!)</small><br></div><div class="spacer battle-history"><br></div><div class="battle-history"><small>(Rain continues to fall.)</small><br></div><div class="spacer battle-history"><br></div><h2 class="battle-history">Turn 12</h2><div class="spacer battle-history"><br></div><div class="battle-history">The opposing im so cooked used <strong>Will-O-Wisp</strong>!<br></div><div class="battle-history"><small>Pelipper was burned!</small><br></div><div class="spacer battle-history"><br></div><div class="battle-history">Pelipper used <strong>U-turn</strong>!<br></div><div class="battle-history"><small>It's not very effective...</small><br></div><div class="battle-history"><small>(The opposing im so cooked lost 2% of its health!)</small><br></div><div class="spacer battle-history"><br></div><div class="battle-history">Pelipper went back to mukmuk1!<br></div><div class="battle-history">Go! Lycanroc (<strong>Lycanroc-Dusk</strong>)!<br></div><div class="spacer battle-history"><br></div><div class="battle-history"><small>(Rain continues to fall.)</small><br></div><div class="spacer battle-history"><br></div><h2 class="battle-history">Turn 13</h2><div class="spacer battle-history"><br></div><div class="battle-history">Lycanroc used <strong>Stone Edge</strong>!<br></div><div class="battle-history"><small>It's super effective!</small><br></div><div class="battle-history"><small>(The opposing im so cooked lost 67% of its health!)</small><br></div><div class="spacer battle-history"><br></div><div class="battle-history">The opposing im so cooked fainted!<br></div><div class="spacer battle-history"><br></div><div class="battle-history"><small>(Rain continues to fall.)</small><br></div><div class="spacer battle-history"><br></div><div class="battle-history">Ausxh sent out useless pokemon (<strong>Xurkitree</strong>)!<br></div><div class="spacer battle-history"><br></div><h2 class="battle-history">Turn 14</h2><div class="spacer battle-history"><br></div><div class="battle-history">Lycanroc, come back!<br></div><div class="battle-history">Go! <strong>Archaludon</strong>!<br></div><div class="spacer battle-history"><br></div><div class="battle-history">The opposing useless pokemon used <strong>Thunder</strong>!<br></div><div class="battle-history"><small>It's not very effective...</small><br></div><div class="battle-history"><small>(Archaludon lost 29% of its health!)</small><br></div><div class="battle-history">[Archaludon's Stamina]<br></div><div class="battle-history"><small>Archaludon's Defense rose!</small><br></div><div class="spacer battle-history"><br></div><div class="battle-history"><small>(Rain continues to fall.)</small><br></div><div class="battle-history"><small>The opposing team's Light Screen wore off!</small><br></div><div class="spacer battle-history"><br></div><h2 class="battle-history">Turn 15</h2><div class="chat chatmessage-elementalassasin"><strong style="color:#9b7e41"><small> </small><span class="username" data-name="elementalassasin">elementalassasin</span>:</strong> <em>./weak archaludon</em></div><div class="spacer battle-history"><br></div><div class="battle-history">Ausxh withdrew useless pokemon!<br></div><div class="battle-history">Ausxh sent out zeraaura (<strong>Zeraora</strong>)!<br></div><div class="spacer battle-history"><br></div><div class="battle-history">Archaludon used <strong>Body Press</strong>!<br></div><div class="battle-history"><small>(The opposing zeraaura lost 58% of its health!)</small><br></div><div class="spacer battle-history"><br></div><div class="battle-history"><small>(Rain continues to fall.)</small><br></div><div class="spacer battle-history"><br></div><h2 class="battle-history">Turn 16</h2><div class="chat chatmessage-mukmuk1"><strong style="color:#ce261d"><small>☆</small><span class="username" data-name="mukmuk1">mukmuk1</span>:</strong> <em>!weak archaludon</em></div><div class="chat"><div class="infobox">Archaludon (ignoring abilities):<br><span class="message-effect-weak">Weaknesses</span>: Fighting, Ground<br><span class="message-effect-resist">Resistances</span>: Bug, Electric, Flying, <b>Grass</b>, Normal, Psychic, Rock, Steel, Water<br><span class="message-effect-immune">Immunities</span>: Poison, Sandstorm damage, Toxic</div></div><div class="spacer battle-history"><br></div><div class="battle-history">The opposing zeraaura used <strong>Close Combat</strong>!<br></div><div class="battle-history"><small>It's super effective!</small><br></div><div class="battle-history"><small>(Archaludon lost 38% of its health!)</small><br></div><div class="battle-history"><small>The opposing zeraaura's Defense fell!</small><br></div><div class="battle-history"><small>The opposing zeraaura's Sp. Def fell!</small><br></div><div class="battle-history">[Archaludon's Stamina]<br></div><div class="battle-history"><small>Archaludon's Defense rose!</small><br></div><div class="spacer battle-history"><br></div><div class="battle-history">Archaludon used <strong>Body Press</strong>!<br></div><div class="battle-history"><small>(The opposing zeraaura lost 42% of its health!)</small><br></div><div class="spacer battle-history"><br></div><div class="battle-history">The opposing zeraaura fainted!<br></div><div class="spacer battle-history"><br></div><div class="battle-history"><small>(Rain continues to fall.)</small><br></div><div class="spacer battle-history"><br></div><div class="battle-history">Ausxh sent out useless pokemon (<strong>Xurkitree</strong>)!<br></div><div class="spacer battle-history"><br></div><h2 class="battle-history">Turn 17</h2><div class="spacer battle-history"><br></div><div class="battle-history">The opposing useless pokemon used <strong>Volt Switch</strong>!<br></div><div class="battle-history"><small>It's not very effective...</small><br></div><div class="battle-history"><small>(Archaludon lost 18% of its health!)</small><br></div><div class="spacer battle-history"><br></div><div class="battle-history">Archaludon fainted!<br></div><div class="battle-history">[The opposing useless pokemon's Beast Boost]<br></div><div class="battle-history"><small>The opposing useless pokemon's Sp. Atk rose!</small><br></div><div class="spacer battle-history"><br></div><div class="battle-history">The opposing useless pokemon went back to Ausxh!<br></div><div class="battle-history">Ausxh sent out chat is this real (<strong>Tapu Koko</strong>)!<br></div><div class="battle-history">[The opposing chat is this real's Electric Surge]<br><small>An electric current ran across the battlefield!</small><br></div><div class="spacer battle-history"><br></div><div class="battle-history"><small>The rain stopped.</small><br></div><div class="spacer battle-history"><br></div><div class="battle-history">Go! <strong>Chi-Yu</strong>!<br></div><div class="battle-history">[Chi-Yu's Beads of Ruin]<br><small>Chi-Yu's Beads of Ruin weakened the Sp. Def of all surrounding Pokémon!</small><br></div><div class="spacer battle-history"><br></div><h2 class="battle-history">Turn 18</h2><div class="spacer battle-history"><br></div><div class="battle-history">The opposing chat is this real used <strong>Acrobatics</strong>!<br></div><div class="battle-history"><small>(Chi-Yu lost 46% of its health!)</small><br></div><div class="spacer battle-history"><br></div><div class="battle-history">Chi-Yu used <strong>Dark Pulse</strong>!<br></div><div class="battle-history"><small>It's not very effective...</small><br></div><div class="battle-history"><small>(The opposing chat is this real lost 38% of its health!)</small><br></div><div class="spacer battle-history"><br></div><div class="battle-history">The opposing chat is this real fainted!<br></div><div class="spacer battle-history"><br></div><div class="battle-history">Ausxh sent out useless pokemon (<strong>Xurkitree</strong>)!<br></div><div class="spacer battle-history"><br></div><h2 class="battle-history">Turn 19</h2><div class="spacer battle-history"><br></div><div class="battle-history">The opposing useless pokemon used <strong>Rising Voltage</strong>!<br></div><div class="battle-history"><small>(Rising Voltage's BP doubled on grounded target.)</small><br></div><div class="battle-history"><small>(Chi-Yu lost 54% of its health!)</small><br></div><div class="spacer battle-history"><br></div><div class="battle-history">Chi-Yu fainted!<br></div><div class="battle-history">[The opposing useless pokemon's Beast Boost]<br></div><div class="battle-history"><small>The opposing useless pokemon's Sp. Atk rose!</small><br></div><div class="chat chatmessage-elementalassasin"><strong style="color:#9b7e41"><small> </small><span class="username" data-name="elementalassasin">elementalassasin</span>:</strong> <em>./dt rising voltage</em></div><div class="chat chatmessage-ausxh"><strong style="color:#1d7ab4"><small>☆</small><span class="username" data-name="Ausxh">Ausxh</span>:</strong> <em>!dt rising voltage</em></div><div class="chat"><ul class="utilichart"><li class="result"><span class="col movenamecol"><a href="https://dex.pokemonshowdown.com/moves/risingvoltage" target="_blank" rel="noopener">Rising Voltage</a></span> <span class="col typecol"><img src="//play.pokemonshowdown.com/sprites/types/Electric.png" alt="Electric" width="32" height="14"><img src="//play.pokemonshowdown.com/sprites/categories/Special.png" alt="Special" width="32" height="14"></span> <span class="col labelcol"><em>Power</em><br>70</span> <span class="col widelabelcol"><em>Accuracy</em><br>100%</span> <span class="col pplabelcol"><em>PP</em><br>32</span> <span class="col movedesccol">2x power if target is grounded in Electric Terrain.</span> </li><li></li></ul></div><div class="chat"><font size="1"><font color="#686868">Priority:</font> 0&nbsp;|  <font color="#686868">Gen:</font> 8&nbsp;|  <font color="#686868">Z-Power:</font> 140&nbsp;|  <font color="#686868">Dynamax Power:</font> 140&nbsp;|  <font color="#686868">Target:</font> One Adjacent Pokémon</font></div><div class="spacer battle-history"><br></div><div class="battle-history">Go! Lycanroc (<strong>Lycanroc-Dusk</strong>)!<br></div><div class="spacer battle-history"><br></div><h2 class="battle-history">Turn 20</h2><div class="spacer battle-history"><br></div><div class="battle-history">The opposing useless pokemon used <strong>Rising Voltage</strong>!<br></div><div class="battle-history"><small>(Rising Voltage's BP doubled on grounded target.)</small><br></div><div class="battle-history"><small>Lycanroc hung on using its Focus Sash!</small><br></div><div class="battle-history"><small>(Lycanroc lost 99% of its health!)</small><br></div><div class="spacer battle-history"><br></div><div class="battle-history">Lycanroc used <strong>Close Combat</strong>!<br></div><div class="battle-history"><small>(The opposing useless pokemon lost 100% of its health!)</small><br></div><div class="battle-history"><small>Lycanroc's Defense fell!</small><br></div><div class="battle-history"><small>Lycanroc's Sp. Def fell!</small><br></div><div class="spacer battle-history"><br></div><div class="battle-history">The opposing useless pokemon fainted!<br></div><div class="spacer battle-history"><br></div><div class="battle-history">Ausxh sent out max brainrot (<strong>Carracosta</strong>)!<br></div><div class="spacer battle-history"><br></div><h2 class="battle-history">Turn 21</h2><div class="chat chatmessage-elementalassasin"><strong style="color:#9b7e41"><small> </small><span class="username" data-name="elementalassasin">elementalassasin</span>:</strong> <em>ah ggs</em></div><div class="spacer battle-history"><br></div><div class="battle-history">Lycanroc used <strong>Close Combat</strong>!<br></div><div class="battle-history"><small>It's super effective!</small><br></div><div class="battle-history"><small>(The opposing max brainrot lost 100% of its health!)</small><br></div><div class="battle-history"><small>Lycanroc's Defense fell!</small><br></div><div class="battle-history"><small>Lycanroc's Sp. Def fell!</small><br></div><div class="spacer battle-history"><br></div><div class="battle-history">The opposing max brainrot fainted!<br></div><div class="spacer battle-history"><br></div><div class="battle-history"><strong>mukmuk1</strong> won the battle!<br></div><div class="chat chatmessage-mukmuk1"><strong style="color:#ce261d"><small>☆</small><span class="username" data-name="mukmuk1">mukmuk1</span>:</strong> <em>gg</em></div><div class="chat chatmessage-ausxh"><strong style="color:#1d7ab4"><small>☆</small><span class="username" data-name="Ausxh">Ausxh</span>:</strong> <em>gg</em></div><div class="chat chatmessage-mukmuk1"><strong style="color:#ce261d"><small>☆</small><span class="username" data-name="mukmuk1">mukmuk1</span>:</strong> <em>no aqua jet ?</em></div><div class="chat chatmessage-ausxh"><strong style="color:#1d7ab4"><small>☆</small><span class="username" data-name="Ausxh">Ausxh</span>:</strong> <em>um...</em></div><div class="chat chatmessage-ausxh"><strong style="color:#1d7ab4"><small>☆</small><span class="username" data-name="Ausxh">Ausxh</span>:</strong> <em>=)</em></div><div class="chat chatmessage-ausxh"><strong style="color:#1d7ab4"><small>☆</small><span class="username" data-name="Ausxh">Ausxh</span>:</strong> <em>it's meteor beam</em></div><div class="chat chatmessage-mukmuk1"><strong style="color:#ce261d"><small>☆</small><span class="username" data-name="mukmuk1">mukmuk1</span>:</strong> <em>LOL</em></div><div class="chat chatmessage-ausxh"><strong style="color:#1d7ab4"><small>☆</small><span class="username" data-name="Ausxh">Ausxh</span>:</strong> <em>and also swift swim...</em></div><div class="chat chatmessage-mukmuk1"><strong style="color:#ce261d"><small>☆</small><span class="username" data-name="mukmuk1">mukmuk1</span>:</strong> <em>my rain was useless</em></div><div class="chat chatmessage-mukmuk1"><strong style="color:#ce261d"><small>☆</small><span class="username" data-name="mukmuk1">mukmuk1</span>:</strong> <em>why did i get 3 rain pokemon</em></div><div class="chat chatmessage-ausxh"><strong style="color:#1d7ab4"><small>☆</small><span class="username" data-name="Ausxh">Ausxh</span>:</strong> <em>kekw</em></div><div class="chat chatmessage-elementalassasin"><strong style="color:#9b7e41"><small> </small><span class="username" data-name="elementalassasin">elementalassasin</span>:</strong> <em>not even floatzel</em></div><div class="chat chatmessage-elementalassasin"><strong style="color:#9b7e41"><small> </small><span class="username" data-name="elementalassasin">elementalassasin</span>:</strong> <em>ggs</em></div><div class="chat chatmessage-mukmuk1"><strong style="color:#ce261d"><small>☆</small><span class="username" data-name="mukmuk1">mukmuk1</span>:</strong> <em>ggs</em></div><div class="chat chatmessage-serendipidu"><strong style="color:#7c53d9"><small> </small><span class="username" data-name="serendipidu">serendipidu</span>:</strong> <em>to limit your chi yu</em></div><div class="chat chatmessage-ausxh"><strong style="color:#1d7ab4"><small>☆</small><span class="username" data-name="Ausxh">Ausxh</span>:</strong> <em>I mean archaludon is kinda op though</em></div><div class="chat chatmessage-mukmuk1"><strong style="color:#ce261d"><small>☆</small><span class="username" data-name="mukmuk1">mukmuk1</span>:</strong> <em>yea</em></div><div class="chat chatmessage-mukmuk1"><strong style="color:#ce261d"><small>☆</small><span class="username" data-name="mukmuk1">mukmuk1</span>:</strong> <em>but u dont need rain for it</em></div><div class="chat chatmessage-mukmuk1"><strong style="color:#ce261d"><small>☆</small><span class="username" data-name="mukmuk1">mukmuk1</span>:</strong> <em>apparently</em></div><div class="chat chatmessage-ausxh"><strong style="color:#1d7ab4"><small>☆</small><span class="username" data-name="Ausxh">Ausxh</span>:</strong> <em>guess not</em></div><div class="chat"><small> Bunnnies left</small></div><div class="chat chatmessage-mukmuk1"><strong style="color:#ce261d"><small>☆</small><span class="username" data-name="mukmuk1">mukmuk1</span>:</strong> <em>can i get more transactions</em></div><div class="chat chatmessage-ausxh"><strong style="color:#1d7ab4"><small>☆</small><span class="username" data-name="Ausxh">Ausxh</span>:</strong> <em>I mean barraskewda would've won in the end anyway</em></div><div class="chat chatmessage-mukmuk1"><strong style="color:#ce261d"><small>☆</small><span class="username" data-name="mukmuk1">mukmuk1</span>:</strong> <em>to grief our team further</em></div><div class="chat chatmessage-ausxh"><strong style="color:#1d7ab4"><small>☆</small><span class="username" data-name="Ausxh">Ausxh</span>:</strong> <em>lol</em></div><div class="chat chatmessage-serendipidu"><strong style="color:#7c53d9"><small> </small><span class="username" data-name="serendipidu">serendipidu</span>:</strong> <em>did u know arch gets sd</em></div><div class="chat chatmessage-elementalassasin"><strong style="color:#9b7e41"><small> </small><span class="username" data-name="elementalassasin">elementalassasin</span>:</strong> <em>yea same</em></div><div class="chat chatmessage-elementalassasin"><strong style="color:#9b7e41"><small> </small><span class="username" data-name="elementalassasin">elementalassasin</span>:</strong> <em>can we trade transactions pls</em></div><div class="chat"><small> ksch left</small></div><div class="chat chatmessage-mukmuk1"><strong style="color:#ce261d"><small>☆</small><span class="username" data-name="mukmuk1">mukmuk1</span>:</strong> <em>sure</em></div><div class="chat"><small> Phantom0rion and  serendipidu left</small></div></div><div class="inner-preempt message-log"></div></div></div>
</div>
<script>
let daily = Math.floor(Date.now()/1000/60/60/24);document.write('<script src="https://play.pokemonshowdown.com/js/replay-embed.js?version'+daily+'"></'+'script>');
</script>
