<!DOCTYPE html>
<meta charset="utf-8" />
<!-- version 1 -->
<title>[Gen 9] NatDex Draft replay: foodss vs. Phantom0rion</title>
<style>
html,body {font-family:Verdana, sans-serif;font-size:10pt;margin:0;padding:0;}body{padding:12px 0;} .battle-log {font-family:Verdana, sans-serif;font-size:10pt;} .battle-log-inline {border:1px solid #AAAAAA;background:#EEF2F5;color:black;max-width:640px;margin:0 auto 80px;padding-bottom:5px;} .battle-log .inner {padding:4px 8px 0px 8px;} .battle-log .inner-preempt {padding:0 8px 4px 8px;} .battle-log .inner-after {margin-top:0.5em;} .battle-log h2 {margin:0.5em -8px;padding:4px 8px;border:1px solid #AAAAAA;background:#E0E7EA;border-left:0;border-right:0;font-family:Verdana, sans-serif;font-size:13pt;} .battle-log .chat {vertical-align:middle;padding:3px 0 3px 0;font-size:8pt;} .battle-log .chat strong {color:#40576A;} .battle-log .chat em {padding:1px 4px 1px 3px;color:#000000;font-style:normal;} .chat.mine {background:rgba(0,0,0,0.05);margin-left:-8px;margin-right:-8px;padding-left:8px;padding-right:8px;} .spoiler {color:#BBBBBB;background:#BBBBBB;padding:0px 3px;} .spoiler:hover, .spoiler:active, .spoiler-shown {color:#000000;background:#E2E2E2;padding:0px 3px;} .spoiler a {color:#BBBBBB;} .spoiler:hover a, .spoiler:active a, .spoiler-shown a {color:#2288CC;} .chat code, .chat .spoiler:hover code, .chat .spoiler:active code, .chat .spoiler-shown code {border:1px solid #C0C0C0;background:#EEEEEE;color:black;padding:0 2px;} .chat .spoiler code {border:1px solid #CCCCCC;background:#CCCCCC;color:#CCCCCC;} .battle-log .rated {padding:3px 4px;} .battle-log .rated strong {color:white;background:#89A;padding:1px 4px;border-radius:4px;} .spacer {margin-top:0.5em;} .message-announce {background:#6688AA;color:white;padding:1px 4px 2px;} .message-announce a, .broadcast-green a, .broadcast-blue a, .broadcast-red a {color:#DDEEFF;} .broadcast-green {background-color:#559955;color:white;padding:2px 4px;} .broadcast-blue {background-color:#6688AA;color:white;padding:2px 4px;} .infobox {border:1px solid #6688AA;padding:2px 4px;} .infobox-limited {max-height:200px;overflow:auto;overflow-x:hidden;} .broadcast-red {background-color:#AA5544;color:white;padding:2px 4px;} .message-learn-canlearn {font-weight:bold;color:#228822;text-decoration:underline;} .message-learn-cannotlearn {font-weight:bold;color:#CC2222;text-decoration:underline;} .message-effect-weak {font-weight:bold;color:#CC2222;} .message-effect-resist {font-weight:bold;color:#6688AA;} .message-effect-immune {font-weight:bold;color:#666666;} .message-learn-list {margin-top:0;margin-bottom:0;} .message-throttle-notice, .message-error {color:#992222;} .message-overflow, .chat small.message-overflow {font-size:0pt;} .message-overflow::before {font-size:9pt;content:'...';} .subtle {color:#3A4A66;}
</style>
<div class="wrapper replay-wrapper" style="max-width:1180px;margin:0 auto">
<input type="hidden" name="replayid" value="gen9natdexdraft-2165713899" />
<div class="battle"></div><div class="battle-log"></div><div class="replay-controls"></div><div class="replay-controls-2"></div>
<h1 style="font-weight:normal;text-align:center"><strong>[Gen 9] NatDex Draft</strong><br /><a href="http://pokemonshowdown.com/users/foodss" class="subtle" target="_blank">foodss</a> vs. <a href="http://pokemonshowdown.com/users/phantom0rion" class="subtle" target="_blank">Phantom0rion</a></h1>
<script type="text/plain" class="battle-log-data">
|j|☆foodss
|j|☆Phantom0rion
|t:|1721698417
|gametype|singles
|player|p1|foodss|wikstrom|
|player|p2|Phantom0rion|miku-grass|
|teamsize|p1|6
|teamsize|p2|6
|gen|9
|tier|[Gen 9] NatDex Draft
|rule|Sleep Clause Mod: Limit one foe put to sleep
|rule|OHKO Clause: OHKO moves are banned
|rule|Evasion Clause: Evasion abilities, items, and moves are banned
|rule|Evasion Abilities Clause: Evasion abilities are banned
|rule|Evasion Items Clause: Evasion items are banned
|rule|Evasion Moves Clause: Evasion moves are banned
|rule|Endless Battle Clause: Forcing endless battles is banned
|rule|HP Percentage Mod: HP is shown in percentages
|clearpoke
|poke|p1|Incineroar, F|
|poke|p1|Ogerpon-Hearthflame, F|
|poke|p1|Inteleon, F|
|poke|p1|Kleavor, F|
|poke|p1|Latios, M|
|poke|p1|Enamorus-Therian, F|
|poke|p2|Diancie|
|poke|p2|Muk-Alola, F|
|poke|p2|Cobalion|
|poke|p2|Ambipom, F|
|poke|p2|Baxcalibur, F|
|poke|p2|Altaria, M|
|teampreview
|j| CDR Cucumber
|j| ksch
|j| DoctaShock
|j| conundromic
|c| DoctaShock|these people didnt turn off block spectators
|c| DoctaShock|boo
|
|t:|1721698500
|start
|switch|p1a: Incineroar|Incineroar, F|100\/100
|switch|p2a: dog|Cobalion|100\/100
|-ability|p1a: Incineroar|Intimidate|boost
|-unboost|p2a: dog|atk|1
|turn|1
|c|☆foodss|doctashock has 270 seconds left
|
|t:|1721698540
|-terastallize|p2a: dog|Ghost
|move|p2a: dog|Stealth Rock|p1a: Incineroar
|-sidestart|p1: foodss|move: Stealth Rock
|move|p1a: Incineroar|Knock Off|p2a: dog
|-supereffective|p2a: dog
|-damage|p2a: dog|47\/100
|-damage|p1a: Incineroar|84\/100|[from] item: Rocky Helmet|[of] p2a: dog
|-ability|p2a: dog|Justified|boost
|-boost|p2a: dog|atk|1
|-enditem|p2a: dog|Rocky Helmet|[from] move: Knock Off|[of] p1a: Incineroar
|
|-heal|p1a: Incineroar|90\/100|[from] item: Leftovers
|upkeep
|turn|2
|
|t:|1721698558
|move|p2a: dog|Volt Switch|p1a: Incineroar
|-damage|p1a: Incineroar|76\/100
|
|t:|1721698565
|switch|p2a: pretty fairy|Diancie|100\/100|[from] Volt Switch
|move|p1a: Incineroar|Parting Shot|p2a: pretty fairy
|-fail|p2a: pretty fairy|unboost|[from] ability: Clear Body|[of] p2a: pretty fairy
|
|-heal|p1a: Incineroar|82\/100|[from] item: Leftovers
|upkeep
|turn|3
|
|t:|1721698616
|detailschange|p2a: pretty fairy|Diancie-Mega
|-mega|p2a: pretty fairy|Diancie|Diancite
|move|p2a: pretty fairy|Diamond Storm|p1a: Incineroar
|-supereffective|p1a: Incineroar
|-damage|p1a: Incineroar|0 fnt
|-boost|p2a: pretty fairy|def|2
|faint|p1a: Incineroar
|
|upkeep
|
|t:|1721698630
|switch|p1a: Inteleon|Inteleon, F|100\/100
|-damage|p1a: Inteleon|88\/100|[from] Stealth Rock
|turn|4
|
|t:|1721698635
|switch|p2a: gooopy|Muk-Alola, F|100\/100
|move|p1a: Inteleon|Snipe Shot|p2a: gooopy
|-damage|p2a: gooopy|85\/100
|
|upkeep
|turn|5
|
|t:|1721698663
|switch|p1a: Kleavor|Kleavor, F|100\/100
|-damage|p1a: Kleavor|76\/100|[from] Stealth Rock
|move|p2a: gooopy|Knock Off|p1a: Kleavor
|-damage|p1a: Kleavor|33\/100
|-status|p1a: Kleavor|psn|[from] ability: Poison Touch|[of] p2a: gooopy
|-enditem|p1a: Kleavor|Choice Scarf|[from] move: Knock Off|[of] p2a: gooopy
|
|-damage|p1a: Kleavor|20\/100 psn|[from] psn
|upkeep
|turn|6
|
|t:|1721698700
|switch|p2a: pretty fairy|Diancie-Mega|100\/100
|move|p1a: Kleavor|Stone Axe|p2a: pretty fairy
|-crit|p2a: pretty fairy
|-damage|p2a: pretty fairy|0 fnt
|-sidestart|p2: Phantom0rion|move: Stealth Rock
|faint|p2a: pretty fairy
|
|-damage|p1a: Kleavor|8\/100 psn|[from] psn
|upkeep
|
|t:|1721698720
|switch|p2a: gooopy|Muk-Alola, F|85\/100
|-damage|p2a: gooopy|73\/100|[from] Stealth Rock
|turn|7
|
|t:|1721698730
|move|p2a: gooopy|Shadow Sneak|p1a: Kleavor
|-damage|p1a: Kleavor|0 fnt
|faint|p1a: Kleavor
|
|upkeep
|
|t:|1721698763
|switch|p1a: Ogerpon|Ogerpon-Hearthflame, F|100\/100
|-damage|p1a: Ogerpon|76\/100|[from] Stealth Rock
|-ability|p1a: Ogerpon|Mold Breaker
|turn|8
|j| Gym Leder Brawl
|j| Ocarina919
|
|t:|1721698816
|switch|p2a: cotton candy|Altaria, M|100\/100
|move|p1a: Ogerpon|Ivy Cudgel|p2a: cotton candy|[anim] Ivy Cudgel Fire
|-resisted|p2a: cotton candy
|-damage|p2a: cotton candy|79\/100
|
|upkeep
|turn|9
|
|t:|1721698838
|move|p1a: Ogerpon|Ivy Cudgel|p2a: cotton candy|[anim] Ivy Cudgel Fire
|-resisted|p2a: cotton candy
|-damage|p2a: cotton candy|59\/100
|move|p2a: cotton candy|Perish Song|p2a: cotton candy
|-start|p1a: Ogerpon|perish3|[silent]
|-start|p2a: cotton candy|perish3|[silent]
|-fieldactivate|move: Perish Song
|
|-start|p1a: Ogerpon|perish3
|-start|p2a: cotton candy|perish3
|upkeep
|turn|10
|
|t:|1721698856
|move|p1a: Ogerpon|Swords Dance|p1a: Ogerpon
|-boost|p1a: Ogerpon|atk|2
|move|p2a: cotton candy|Will-O-Wisp|p1a: Ogerpon
|-immune|p1a: Ogerpon
|
|-start|p1a: Ogerpon|perish2
|-start|p2a: cotton candy|perish2
|upkeep
|turn|11
|
|t:|1721698871
|move|p1a: Ogerpon|Ivy Cudgel|p2a: cotton candy|[anim] Ivy Cudgel Fire
|-resisted|p2a: cotton candy
|-damage|p2a: cotton candy|17\/100
|move|p2a: cotton candy|Roost|p2a: cotton candy
|-heal|p2a: cotton candy|67\/100
|-singleturn|p2a: cotton candy|move: Roost
|
|-start|p1a: Ogerpon|perish1
|-start|p2a: cotton candy|perish1
|upkeep
|turn|12
|
|t:|1721698912
|switch|p1a: Enamorus|Enamorus-Therian, F|100\/100
|-damage|p1a: Enamorus|76\/100|[from] Stealth Rock
|move|p2a: cotton candy|Will-O-Wisp|p1a: Enamorus
|-status|p1a: Enamorus|brn
|
|-damage|p1a: Enamorus|70\/100 brn|[from] brn
|-start|p2a: cotton candy|perish0
|upkeep
|faint|p2a: cotton candy
|
|t:|1721698958
|switch|p2a: dog|Cobalion, tera:Ghost|47\/100
|-damage|p2a: dog|35\/100|[from] Stealth Rock
|turn|13
|
|t:|1721698970
|move|p2a: dog|Heavy Slam|p1a: Enamorus
|-supereffective|p1a: Enamorus
|-damage|p1a: Enamorus|1\/100 brn
|move|p1a: Enamorus|Draining Kiss|p2a: dog
|-damage|p2a: dog|0 fnt
|-heal|p1a: Enamorus|29\/100 brn|[from] drain|[of] p2a: dog
|faint|p2a: dog
|
|-damage|p1a: Enamorus|23\/100 brn|[from] brn
|upkeep
|
|t:|1721698993
|switch|p2a: monkey|Ambipom, F, shiny|100\/100
|-damage|p2a: monkey|88\/100|[from] Stealth Rock
|turn|14
|
|t:|1721699001
|move|p2a: monkey|Triple Axel|p1a: Enamorus
|-supereffective|p1a: Enamorus
|-damage|p1a: Enamorus|6\/100 brn
|-supereffective|p1a: Enamorus
|-damage|p1a: Enamorus|0 fnt
|faint|p1a: Enamorus
|-hitcount|p1: Enamorus|2
|
|upkeep
|
|t:|1721699015
|switch|p1a: Ogerpon|Ogerpon-Hearthflame, F|76\/100
|-damage|p1a: Ogerpon|51\/100|[from] Stealth Rock
|-ability|p1a: Ogerpon|Mold Breaker
|turn|15
|
|t:|1721699029
|move|p2a: monkey|Triple Axel|p1a: Ogerpon
|-damage|p1a: Ogerpon|38\/100
|-damage|p1a: Ogerpon|15\/100
|-damage|p1a: Ogerpon|0 fnt
|faint|p1a: Ogerpon
|-hitcount|p1: Ogerpon|3
|
|upkeep
|
|t:|1721699037
|switch|p1a: Latios|Latios, M|100\/100
|-damage|p1a: Latios|88\/100|[from] Stealth Rock
|turn|16
|
|t:|1721699045
|move|p2a: monkey|Triple Axel|p1a: Latios
|-supereffective|p1a: Latios
|-damage|p1a: Latios|62\/100
|-supereffective|p1a: Latios
|-damage|p1a: Latios|12\/100
|-supereffective|p1a: Latios
|-damage|p1a: Latios|0 fnt
|faint|p1a: Latios
|-hitcount|p1: Latios|3
|
|upkeep
|
|t:|1721699053
|switch|p1a: Inteleon|Inteleon, F|88\/100
|-damage|p1a: Inteleon|76\/100|[from] Stealth Rock
|turn|17
|
|t:|1721699062
|move|p2a: monkey|Triple Axel|p1a: Inteleon|[miss]
|-miss|p2a: monkey|p1a: Inteleon
|move|p1a: Inteleon|Snipe Shot|p2a: monkey
|-damage|p2a: monkey|25\/100
|
|upkeep
|turn|18
|
|t:|1721699069
|move|p1a: Inteleon|Vacuum Wave|p2a: monkey
|-supereffective|p2a: monkey
|-damage|p2a: monkey|0 fnt
|faint|p2a: monkey
|
|upkeep
|
|t:|1721699076
|switch|p2a: gooopy|Muk-Alola, F|73\/100
|-damage|p2a: gooopy|60\/100|[from] Stealth Rock
|turn|19
|
|t:|1721699093
|move|p1a: Inteleon|Snipe Shot|p2a: gooopy
|-crit|p2a: gooopy
|-damage|p2a: gooopy|26\/100
|move|p2a: gooopy|Knock Off|p1a: Inteleon
|-damage|p1a: Inteleon|15\/100
|-status|p1a: Inteleon|psn|[from] ability: Poison Touch|[of] p2a: gooopy
|-enditem|p1a: Inteleon|Focus Sash|[from] move: Knock Off|[of] p2a: gooopy
|
|-damage|p1a: Inteleon|2\/100 psn|[from] psn
|upkeep
|turn|20
|
|t:|1721699103
|move|p2a: gooopy|Shadow Sneak|p1a: Inteleon
|-damage|p1a: Inteleon|0 fnt
|faint|p1a: Inteleon
|
|win|Phantom0rion
|c|☆foodss|gg
|c|☆Phantom0rion|gg

</script>
</div>
<div class="battle-log battle-log-inline"><div class="inner"><div class="battle-options"></div><div class="inner message-log"><div class="chat"><small>☆foodss and ☆Phantom0rion joined</small></div><div class=""><small>Format:</small> <br><strong>[Gen 9] NatDex Draft</strong></div><div class=""><small><em>Sleep Clause Mod:</em> Limit one foe put to sleep</small></div><div class=""><small><em>OHKO Clause:</em> OHKO moves are banned</small></div><div class=""><small><em>Evasion Clause:</em> Evasion abilities, items, and moves are banned</small></div><div class=""><small><em>Evasion Abilities Clause:</em> Evasion abilities are banned</small></div><div class=""><small><em>Evasion Items Clause:</em> Evasion items are banned</small></div><div class=""><small><em>Evasion Moves Clause:</em> Evasion moves are banned</small></div><div class=""><small><em>Endless Battle Clause:</em> Forcing endless battles is banned</small></div><div class=""><small><em>HP Percentage Mod:</em> HP is shown in percentages</small></div><div class="chat battle-history"><strong>foodss's team:</strong> <em style="color:#445566;display:block;">Incineroar / Ogerpon-Hearthflame / Inteleon / Kleavor / Latios / Enamorus-Therian</em></div><div class="chat battle-history"><strong>Phantom0rion's team:</strong> <em style="color:#445566;display:block;">Diancie / Muk-Alola / Cobalion / Ambipom / Baxcalibur / Altaria</em></div><div class="chat"><small> CDR Cucumber,  ksch,  DoctaShock, and  conundromic joined</small></div><div class="chat chatmessage-doctashock"><strong style="color:#15a4c7"><small> </small><span class="username" data-name="DoctaShock">DoctaShock</span>:</strong> <em>these people didnt turn off block spectators</em></div><div class="chat chatmessage-doctashock"><strong style="color:#15a4c7"><small> </small><span class="username" data-name="DoctaShock">DoctaShock</span>:</strong> <em>boo</em></div><div class="spacer battle-history"><br></div><div class="battle-history">Battle started between foodss and Phantom0rion!<br></div><div class="spacer battle-history"><br></div><div class="battle-history">Go! <strong>Incineroar</strong>!<br></div><div class="spacer battle-history"><br></div><div class="battle-history">Phantom0rion sent out dog (<strong>Cobalion</strong>)!<br></div><div class="battle-history">[Incineroar's Intimidate]<br></div><div class="battle-history"><small>The opposing dog's Attack fell!</small><br></div><div class="spacer battle-history"><br></div><h2 class="battle-history">Turn 1</h2><div class="chat chatmessage-foodss"><strong style="color:#997c37"><small>☆</small><span class="username" data-name="foodss">foodss</span>:</strong> <em>doctashock has 270 seconds left</em></div><div class="spacer battle-history"><br></div><div class="battle-history"><small>The opposing dog has Terastallized into the Ghost-type!</small><br></div><div class="spacer battle-history"><br></div><div class="battle-history">The opposing dog used <strong>Stealth Rock</strong>!<br></div><div class="battle-history"><small>Pointed stones float in the air around your team!</small><br></div><div class="spacer battle-history"><br></div><div class="battle-history">Incineroar used <strong>Knock Off</strong>!<br></div><div class="battle-history"><small>It's super effective!</small><br></div><div class="battle-history"><small>(The opposing dog lost 53% of its health!)</small><br></div><div class="battle-history"><small>Incineroar was hurt by the Rocky Helmet!</small><br></div><div class="battle-history">[The opposing dog's Justified]<br></div><div class="battle-history"><small>The opposing dog's Attack rose!</small><br></div><div class="battle-history"><small>Incineroar knocked off the opposing dog's Rocky Helmet!</small><br></div><div class="spacer battle-history"><br></div><div class="battle-history"><small>Incineroar restored a little HP using its Leftovers!</small><br></div><div class="spacer battle-history"><br></div><h2 class="battle-history">Turn 2</h2><div class="spacer battle-history"><br></div><div class="battle-history">The opposing dog used <strong>Volt Switch</strong>!<br></div><div class="battle-history"><small>(Incineroar lost 14% of its health!)</small><br></div><div class="spacer battle-history"><br></div><div class="battle-history">The opposing dog went back to Phantom0rion!<br></div><div class="battle-history">Phantom0rion sent out pretty fairy (<strong>Diancie</strong>)!<br></div><div class="spacer battle-history"><br></div><div class="battle-history">Incineroar used <strong>Parting Shot</strong>!<br></div><div class="battle-history">[The opposing pretty fairy's Clear Body]<br><small>The opposing pretty fairy's stats were not lowered!</small><br></div><div class="spacer battle-history"><br></div><div class="battle-history"><small>Incineroar restored a little HP using its Leftovers!</small><br></div><div class="spacer battle-history"><br></div><h2 class="battle-history">Turn 3</h2><div class="spacer battle-history"><br></div><div class="battle-history"><small>The opposing pretty fairy's Diancite is reacting to the Key Stone!</small><br>The opposing pretty fairy has Mega Evolved into Mega Diancie!<br></div><div class="spacer battle-history"><br></div><div class="battle-history">The opposing pretty fairy used <strong>Diamond Storm</strong>!<br></div><div class="battle-history"><small>It's super effective!</small><br></div><div class="battle-history"><small>(Incineroar lost 82% of its health!)</small><br></div><div class="battle-history"><small>The opposing pretty fairy's Defense rose sharply!</small><br></div><div class="spacer battle-history"><br></div><div class="battle-history">Incineroar fainted!<br></div><div class="spacer battle-history"><br></div><div class="battle-history">Go! <strong>Inteleon</strong>!<br></div><div class="battle-history"><small>Pointed stones dug into Inteleon!</small><br></div><div class="spacer battle-history"><br></div><h2 class="battle-history">Turn 4</h2><div class="spacer battle-history"><br></div><div class="battle-history">Phantom0rion withdrew pretty fairy!<br></div><div class="battle-history">Phantom0rion sent out gooopy (<strong>Muk-Alola</strong>)!<br></div><div class="spacer battle-history"><br></div><div class="battle-history">Inteleon used <strong>Snipe Shot</strong>!<br></div><div class="battle-history"><small>(The opposing gooopy lost 15% of its health!)</small><br></div><div class="spacer battle-history"><br></div><h2 class="battle-history">Turn 5</h2><div class="spacer battle-history"><br></div><div class="battle-history">Inteleon, come back!<br></div><div class="battle-history">Go! <strong>Kleavor</strong>!<br></div><div class="battle-history"><small>Pointed stones dug into Kleavor!</small><br></div><div class="spacer battle-history"><br></div><div class="battle-history">The opposing gooopy used <strong>Knock Off</strong>!<br></div><div class="battle-history"><small>(Kleavor lost 43% of its health!)</small><br></div><div class="battle-history">[The opposing gooopy's Poison Touch]<br><small>Kleavor was poisoned!</small><br></div><div class="battle-history"><small>The opposing gooopy knocked off Kleavor's Choice Scarf!</small><br></div><div class="spacer battle-history"><br></div><div class="battle-history"><small>Kleavor was hurt by poison!</small><br></div><div class="spacer battle-history"><br></div><h2 class="battle-history">Turn 6</h2><div class="spacer battle-history"><br></div><div class="battle-history">Phantom0rion withdrew gooopy!<br></div><div class="battle-history">Phantom0rion sent out pretty fairy (<strong>Diancie-Mega</strong>)!<br></div><div class="spacer battle-history"><br></div><div class="battle-history">Kleavor used <strong>Stone Axe</strong>!<br></div><div class="battle-history"><small>A critical hit!</small><br></div><div class="battle-history"><small>(The opposing pretty fairy lost 100% of its health!)</small><br></div><div class="battle-history"><small>Pointed stones float in the air around the opposing team!</small><br></div><div class="spacer battle-history"><br></div><div class="battle-history">The opposing pretty fairy fainted!<br></div><div class="spacer battle-history"><br></div><div class="battle-history"><small>Kleavor was hurt by poison!</small><br></div><div class="spacer battle-history"><br></div><div class="battle-history">Phantom0rion sent out gooopy (<strong>Muk-Alola</strong>)!<br></div><div class="battle-history"><small>Pointed stones dug into the opposing gooopy!</small><br></div><div class="spacer battle-history"><br></div><h2 class="battle-history">Turn 7</h2><div class="spacer battle-history"><br></div><div class="battle-history">The opposing gooopy used <strong>Shadow Sneak</strong>!<br></div><div class="battle-history"><small>(Kleavor lost 8% of its health!)</small><br></div><div class="spacer battle-history"><br></div><div class="battle-history">Kleavor fainted!<br></div><div class="spacer battle-history"><br></div><div class="battle-history">Go! Ogerpon (<strong>Ogerpon-Hearthflame</strong>)!<br></div><div class="battle-history"><small>Pointed stones dug into Ogerpon!</small><br></div><div class="battle-history">[Ogerpon's Mold Breaker]<br><small>Ogerpon breaks the mold!</small><br></div><div class="spacer battle-history"><br></div><h2 class="battle-history">Turn 8</h2><div class="chat"><small> Gym Leder Brawl and  Ocarina919 joined</small></div><div class="spacer battle-history"><br></div><div class="battle-history">Phantom0rion withdrew gooopy!<br></div><div class="battle-history">Phantom0rion sent out cotton candy (<strong>Altaria</strong>)!<br></div><div class="spacer battle-history"><br></div><div class="battle-history">Ogerpon used <strong>Ivy Cudgel</strong>!<br></div><div class="battle-history"><small>It's not very effective...</small><br></div><div class="battle-history"><small>(The opposing cotton candy lost 21% of its health!)</small><br></div><div class="spacer battle-history"><br></div><h2 class="battle-history">Turn 9</h2><div class="spacer battle-history"><br></div><div class="battle-history">Ogerpon used <strong>Ivy Cudgel</strong>!<br></div><div class="battle-history"><small>It's not very effective...</small><br></div><div class="battle-history"><small>(The opposing cotton candy lost 20% of its health!)</small><br></div><div class="spacer battle-history"><br></div><div class="battle-history">The opposing cotton candy used <strong>Perish Song</strong>!<br></div><div class="battle-history"><small>All Pokémon that heard the song will faint in three turns!</small><br></div><div class="spacer battle-history"><br></div><div class="battle-history"><small>Ogerpon's perish count fell to 3.</small><br></div><div class="battle-history"><small>The opposing cotton candy's perish count fell to 3.</small><br></div><div class="spacer battle-history"><br></div><h2 class="battle-history">Turn 10</h2><div class="spacer battle-history"><br></div><div class="battle-history">Ogerpon used <strong>Swords Dance</strong>!<br></div><div class="battle-history"><small>Ogerpon's Attack rose sharply!</small><br></div><div class="spacer battle-history"><br></div><div class="battle-history">The opposing cotton candy used <strong>Will-O-Wisp</strong>!<br></div><div class="battle-history"><small>It doesn't affect Ogerpon...</small><br></div><div class="spacer battle-history"><br></div><div class="battle-history"><small>Ogerpon's perish count fell to 2.</small><br></div><div class="battle-history"><small>The opposing cotton candy's perish count fell to 2.</small><br></div><div class="spacer battle-history"><br></div><h2 class="battle-history">Turn 11</h2><div class="spacer battle-history"><br></div><div class="battle-history">Ogerpon used <strong>Ivy Cudgel</strong>!<br></div><div class="battle-history"><small>It's not very effective...</small><br></div><div class="battle-history"><small>(The opposing cotton candy lost 42% of its health!)</small><br></div><div class="spacer battle-history"><br></div><div class="battle-history">The opposing cotton candy used <strong>Roost</strong>!<br></div><div class="battle-history"><small>The opposing cotton candy had its HP restored.</small><br></div><div class="battle-history"><small>(The opposing cotton candy loses Flying type this turn.)</small><br></div><div class="spacer battle-history"><br></div><div class="battle-history"><small>Ogerpon's perish count fell to 1.</small><br></div><div class="battle-history"><small>The opposing cotton candy's perish count fell to 1.</small><br></div><div class="spacer battle-history"><br></div><h2 class="battle-history">Turn 12</h2><div class="spacer battle-history"><br></div><div class="battle-history">Ogerpon, come back!<br></div><div class="battle-history">Go! Enamorus (<strong>Enamorus-Therian</strong>)!<br></div><div class="battle-history"><small>Pointed stones dug into Enamorus!</small><br></div><div class="spacer battle-history"><br></div><div class="battle-history">The opposing cotton candy used <strong>Will-O-Wisp</strong>!<br></div><div class="battle-history"><small>Enamorus was burned!</small><br></div><div class="spacer battle-history"><br></div><div class="battle-history"><small>Enamorus was hurt by its burn!</small><br></div><div class="battle-history"><small>The opposing cotton candy's perish count fell to 0.</small><br></div><div class="spacer battle-history"><br></div><div class="battle-history">The opposing cotton candy fainted!<br></div><div class="spacer battle-history"><br></div><div class="battle-history">Phantom0rion sent out dog (<strong>Cobalion</strong>)!<br></div><div class="battle-history"><small>Pointed stones dug into the opposing dog!</small><br></div><div class="spacer battle-history"><br></div><h2 class="battle-history">Turn 13</h2><div class="spacer battle-history"><br></div><div class="battle-history">The opposing dog used <strong>Heavy Slam</strong>!<br></div><div class="battle-history"><small>It's super effective!</small><br></div><div class="battle-history"><small>(Enamorus lost 69% of its health!)</small><br></div><div class="spacer battle-history"><br></div><div class="battle-history">Enamorus used <strong>Draining Kiss</strong>!<br></div><div class="battle-history"><small>(The opposing dog lost 35% of its health!)</small><br></div><div class="battle-history"><small>The opposing dog had its energy drained!</small><br></div><div class="spacer battle-history"><br></div><div class="battle-history">The opposing dog fainted!<br></div><div class="spacer battle-history"><br></div><div class="battle-history"><small>Enamorus was hurt by its burn!</small><br></div><div class="spacer battle-history"><br></div><div class="battle-history">Phantom0rion sent out monkey (<strong>Ambipom</strong>)!<br></div><div class="battle-history"><small>Pointed stones dug into the opposing monkey!</small><br></div><div class="spacer battle-history"><br></div><h2 class="battle-history">Turn 14</h2><div class="spacer battle-history"><br></div><div class="battle-history">The opposing monkey used <strong>Triple Axel</strong>!<br></div><div class="battle-history"><small>It's super effective!</small><br></div><div class="battle-history"><small>(Enamorus lost 17% of its health!)</small><br></div><div class="battle-history"><small>It's super effective!</small><br></div><div class="battle-history"><small>(Enamorus lost 6% of its health!)</small><br></div><div class="spacer battle-history"><br></div><div class="battle-history">Enamorus fainted!<br></div><div class="battle-history"><small>The Pokémon was hit 2 times!</small><br></div><div class="spacer battle-history"><br></div><div class="battle-history">Go! Ogerpon (<strong>Ogerpon-Hearthflame</strong>)!<br></div><div class="battle-history"><small>Pointed stones dug into Ogerpon!</small><br></div><div class="battle-history">[Ogerpon's Mold Breaker]<br><small>Ogerpon breaks the mold!</small><br></div><div class="spacer battle-history"><br></div><h2 class="battle-history">Turn 15</h2><div class="spacer battle-history"><br></div><div class="battle-history">The opposing monkey used <strong>Triple Axel</strong>!<br></div><div class="battle-history"><small>(Ogerpon lost 13% of its health!)</small><br></div><div class="battle-history"><small>(Ogerpon lost 23% of its health!)</small><br></div><div class="battle-history"><small>(Ogerpon lost 15% of its health!)</small><br></div><div class="spacer battle-history"><br></div><div class="battle-history">Ogerpon fainted!<br></div><div class="battle-history"><small>The Pokémon was hit 3 times!</small><br></div><div class="spacer battle-history"><br></div><div class="battle-history">Go! <strong>Latios</strong>!<br></div><div class="battle-history"><small>Pointed stones dug into Latios!</small><br></div><div class="spacer battle-history"><br></div><h2 class="battle-history">Turn 16</h2><div class="spacer battle-history"><br></div><div class="battle-history">The opposing monkey used <strong>Triple Axel</strong>!<br></div><div class="battle-history"><small>It's super effective!</small><br></div><div class="battle-history"><small>(Latios lost 26% of its health!)</small><br></div><div class="battle-history"><small>It's super effective!</small><br></div><div class="battle-history"><small>(Latios lost 50% of its health!)</small><br></div><div class="battle-history"><small>It's super effective!</small><br></div><div class="battle-history"><small>(Latios lost 12% of its health!)</small><br></div><div class="spacer battle-history"><br></div><div class="battle-history">Latios fainted!<br></div><div class="battle-history"><small>The Pokémon was hit 3 times!</small><br></div><div class="spacer battle-history"><br></div><div class="battle-history">Go! <strong>Inteleon</strong>!<br></div><div class="battle-history"><small>Pointed stones dug into Inteleon!</small><br></div><div class="spacer battle-history"><br></div><h2 class="battle-history">Turn 17</h2><div class="spacer battle-history"><br></div><div class="battle-history">The opposing monkey used <strong>Triple Axel</strong>!<br></div><div class="battle-history"><small>Inteleon avoided the attack!</small><br></div><div class="spacer battle-history"><br></div><div class="battle-history">Inteleon used <strong>Snipe Shot</strong>!<br></div><div class="battle-history"><small>(The opposing monkey lost 63% of its health!)</small><br></div><div class="spacer battle-history"><br></div><h2 class="battle-history">Turn 18</h2><div class="spacer battle-history"><br></div><div class="battle-history">Inteleon used <strong>Vacuum Wave</strong>!<br></div><div class="battle-history"><small>It's super effective!</small><br></div><div class="battle-history"><small>(The opposing monkey lost 25% of its health!)</small><br></div><div class="spacer battle-history"><br></div><div class="battle-history">The opposing monkey fainted!<br></div><div class="spacer battle-history"><br></div><div class="battle-history">Phantom0rion sent out gooopy (<strong>Muk-Alola</strong>)!<br></div><div class="battle-history"><small>Pointed stones dug into the opposing gooopy!</small><br></div><div class="spacer battle-history"><br></div><h2 class="battle-history">Turn 19</h2><div class="spacer battle-history"><br></div><div class="battle-history">Inteleon used <strong>Snipe Shot</strong>!<br></div><div class="battle-history"><small>A critical hit!</small><br></div><div class="battle-history"><small>(The opposing gooopy lost 34% of its health!)</small><br></div><div class="spacer battle-history"><br></div><div class="battle-history">The opposing gooopy used <strong>Knock Off</strong>!<br></div><div class="battle-history"><small>(Inteleon lost 61% of its health!)</small><br></div><div class="battle-history">[The opposing gooopy's Poison Touch]<br><small>Inteleon was poisoned!</small><br></div><div class="battle-history"><small>The opposing gooopy knocked off Inteleon's Focus Sash!</small><br></div><div class="spacer battle-history"><br></div><div class="battle-history"><small>Inteleon was hurt by poison!</small><br></div><div class="spacer battle-history"><br></div><h2 class="battle-history">Turn 20</h2><div class="spacer battle-history"><br></div><div class="battle-history">The opposing gooopy used <strong>Shadow Sneak</strong>!<br></div><div class="battle-history"><small>(Inteleon lost 2% of its health!)</small><br></div><div class="spacer battle-history"><br></div><div class="battle-history">Inteleon fainted!<br></div><div class="spacer battle-history"><br></div><div class="battle-history"><strong>Phantom0rion</strong> won the battle!<br></div><div class="chat chatmessage-foodss"><strong style="color:#997c37"><small>☆</small><span class="username" data-name="foodss">foodss</span>:</strong> <em>gg</em></div><div class="chat chatmessage-phantom0rion"><strong style="color:#0aa74e"><small>☆</small><span class="username" data-name="Phantom0rion">Phantom0rion</span>:</strong> <em>gg</em></div></div><div class="inner-preempt message-log"></div></div></div>
</div>
<script>
let daily = Math.floor(Date.now()/1000/60/60/24);document.write('<script src="https://play.pokemonshowdown.com/js/replay-embed.js?version'+daily+'"></'+'script>');
</script>
