<!DOCTYPE html>
<meta charset="utf-8" />
<!-- version 1 -->
<title>[Gen 9] NatDex Draft replay: kaui vs. daotxtoad</title>
<style>
html,body {font-family:Verdana, sans-serif;font-size:10pt;margin:0;padding:0;}body{padding:12px 0;} .battle-log {font-family:Verdana, sans-serif;font-size:10pt;} .battle-log-inline {border:1px solid #AAAAAA;background:#EEF2F5;color:black;max-width:640px;margin:0 auto 80px;padding-bottom:5px;} .battle-log .inner {padding:4px 8px 0px 8px;} .battle-log .inner-preempt {padding:0 8px 4px 8px;} .battle-log .inner-after {margin-top:0.5em;} .battle-log h2 {margin:0.5em -8px;padding:4px 8px;border:1px solid #AAAAAA;background:#E0E7EA;border-left:0;border-right:0;font-family:Verdana, sans-serif;font-size:13pt;} .battle-log .chat {vertical-align:middle;padding:3px 0 3px 0;font-size:8pt;} .battle-log .chat strong {color:#40576A;} .battle-log .chat em {padding:1px 4px 1px 3px;color:#000000;font-style:normal;} .chat.mine {background:rgba(0,0,0,0.05);margin-left:-8px;margin-right:-8px;padding-left:8px;padding-right:8px;} .spoiler {color:#BBBBBB;background:#BBBBBB;padding:0px 3px;} .spoiler:hover, .spoiler:active, .spoiler-shown {color:#000000;background:#E2E2E2;padding:0px 3px;} .spoiler a {color:#BBBBBB;} .spoiler:hover a, .spoiler:active a, .spoiler-shown a {color:#2288CC;} .chat code, .chat .spoiler:hover code, .chat .spoiler:active code, .chat .spoiler-shown code {border:1px solid #C0C0C0;background:#EEEEEE;color:black;padding:0 2px;} .chat .spoiler code {border:1px solid #CCCCCC;background:#CCCCCC;color:#CCCCCC;} .battle-log .rated {padding:3px 4px;} .battle-log .rated strong {color:white;background:#89A;padding:1px 4px;border-radius:4px;} .spacer {margin-top:0.5em;} .message-announce {background:#6688AA;color:white;padding:1px 4px 2px;} .message-announce a, .broadcast-green a, .broadcast-blue a, .broadcast-red a {color:#DDEEFF;} .broadcast-green {background-color:#559955;color:white;padding:2px 4px;} .broadcast-blue {background-color:#6688AA;color:white;padding:2px 4px;} .infobox {border:1px solid #6688AA;padding:2px 4px;} .infobox-limited {max-height:200px;overflow:auto;overflow-x:hidden;} .broadcast-red {background-color:#AA5544;color:white;padding:2px 4px;} .message-learn-canlearn {font-weight:bold;color:#228822;text-decoration:underline;} .message-learn-cannotlearn {font-weight:bold;color:#CC2222;text-decoration:underline;} .message-effect-weak {font-weight:bold;color:#CC2222;} .message-effect-resist {font-weight:bold;color:#6688AA;} .message-effect-immune {font-weight:bold;color:#666666;} .message-learn-list {margin-top:0;margin-bottom:0;} .message-throttle-notice, .message-error {color:#992222;} .message-overflow, .chat small.message-overflow {font-size:0pt;} .message-overflow::before {font-size:9pt;content:'...';} .subtle {color:#3A4A66;}
</style>
<div class="wrapper replay-wrapper" style="max-width:1180px;margin:0 auto">
<input type="hidden" name="replayid" value="gen9natdexdraft-2625968310" />
<div class="battle"></div><div class="battle-log"></div><div class="replay-controls"></div><div class="replay-controls-2"></div>
<h1 style="font-weight:normal;text-align:center"><strong>[Gen 9] NatDex Draft</strong><br /><a href="http://pokemonshowdown.com/users/kaui" class="subtle" target="_blank">kaui</a> vs. <a href="http://pokemonshowdown.com/users/daotxtoad" class="subtle" target="_blank">daotxtoad</a></h1>
<script type="text/plain" class="battle-log-data">
|j|☆kaui
|j|☆daotxtoad
|t:|1780700411
|gametype|singles
|player|p1|kaui|flannery|
|player|p2|daotxtoad|fisherman-gen4|
|gen|9
|tier|[Gen 9] NatDex Draft
|rule|Tera Type Preview: Tera Types are shown at Team Preview
|rule|Sleep Clause Mod: Limit one foe put to sleep
|rule|OHKO Clause: OHKO moves are banned
|rule|Evasion Clause: Evasion abilities, items, and moves are banned
|rule|Evasion Abilities Clause: Evasion abilities are banned
|rule|Evasion Items Clause: Evasion items are banned
|rule|Evasion Moves Clause: Evasion moves are banned
|rule|Endless Battle Clause: Forcing endless battles is banned
|rule|HP Percentage Mod: HP is shown in percentages
|raw|<div class="infobox"><details class="readmore" open><summary><strong>1 custom rule:<\/strong><\/summary> Tera Type Preview<\/details><\/div>
|clearpoke
|poke|p1|Sandy Shocks|
|poke|p1|Cofagrigus, F|
|poke|p1|Torkoal, F|
|poke|p1|Scovillain, F|
|poke|p1|Ambipom, M|
|poke|p1|Alcremie, F|
|poke|p2|Iron Crown|
|poke|p2|Conkeldurr, M|
|poke|p2|Indeedee, M|
|poke|p2|Noivern, M|
|poke|p2|Oricorio-Pom-Pom, F|
|poke|p2|Arcanine-Hisui, F|
|raw|kaui's Tera Types:<br \/><psicon pokemon="sandyshocks" \/><psicon type="Ice" \/> \/ <psicon pokemon="cofagrigus" \/><psicon type="Ghost" \/> \/ <psicon pokemon="torkoal" \/><psicon type="Fire" \/> \/ <psicon pokemon="scovillain" \/><psicon type="Grass" \/> \/ <psicon pokemon="ambipom" \/><psicon type="Normal" \/> \/ <psicon pokemon="alcremie" \/><psicon type="Poison" \/>
|raw|daotxtoad's Tera Types:<br \/><psicon pokemon="ironcrown" \/><psicon type="Steel" \/> \/ <psicon pokemon="conkeldurr" \/><psicon type="Fighting" \/> \/ <psicon pokemon="indeedee" \/><psicon type="Psychic" \/> \/ <psicon pokemon="noivern" \/><psicon type="Flying" \/> \/ <psicon pokemon="oricoriopompom" \/><psicon type="Ground" \/> \/ <psicon pokemon="arcaninehisui" \/><psicon type="Fire" \/>
|teampreview
|c|☆kaui|toad raid
|c|☆daotxtoad|toad raid
|j| phantom0rion
|j| Doctashock
|j| Crown Oji
|
|t:|1780700480
|teamsize|p1|6
|teamsize|p2|6
|start
|switch|p1a: Ambipom|Ambipom, M|100\/100
|switch|p2a: Woody Harrelson|Indeedee, M|100\/100
|-fieldstart|move: Psychic Terrain|[from] ability: Psychic Surge|[of] p2a: Woody Harrelson
|turn|1
|
|t:|1780700492
|move|p1a: Ambipom|U-turn|p2a: Woody Harrelson
|-supereffective|p2a: Woody Harrelson
|-damage|p2a: Woody Harrelson|8\/100
|
|t:|1780700501
|switch|p1a: Alcremie|Alcremie, F|100\/100|[from] U-turn
|move|p2a: Woody Harrelson|Expanding Force|p1a: Alcremie
|-damage|p1a: Alcremie|30\/100
|
|-heal|p1a: Alcremie|36\/100|[from] item: Leftovers
|upkeep
|turn|2
|
|t:|1780700511
|move|p2a: Woody Harrelson|Expanding Force|p1a: Alcremie
|-damage|p1a: Alcremie|0 fnt
|faint|p1a: Alcremie
|
|upkeep
|
|t:|1780700513
|switch|p1a: Ambipom|Ambipom, M|100\/100
|turn|3
|
|t:|1780700529
|switch|p2a: Peter Dinklage|Noivern, M|100\/100
|move|p1a: Ambipom|Knock Off|p2a: Peter Dinklage
|-damage|p2a: Peter Dinklage|69\/100
|-enditem|p2a: Peter Dinklage|Heavy-Duty Boots|[from] move: Knock Off|[of] p1a: Ambipom
|
|upkeep
|turn|4
|
|t:|1780700550
|switch|p1a: Cofagrigus|Cofagrigus, F|100\/100
|move|p2a: Peter Dinklage|Draco Meteor|p1a: Cofagrigus|[miss]
|-miss|p2a: Peter Dinklage|p1a: Cofagrigus
|
|upkeep
|turn|5
|
|t:|1780700566
|move|p2a: Peter Dinklage|U-turn|p1a: Cofagrigus
|-resisted|p1a: Cofagrigus
|-damage|p1a: Cofagrigus|97\/100
|-activate|p1a: Cofagrigus|ability: Mummy|p2a: Peter Dinklage|[ability] Infiltrator
|
|t:|1780700581
|switch|p2a: Frances Mcdormand|Conkeldurr, M|100\/100|[from] U-turn
|move|p1a: Cofagrigus|Toxic|p2a: Frances Mcdormand
|-status|p2a: Frances Mcdormand|tox
|
|-heal|p1a: Cofagrigus|100\/100|[from] item: Leftovers
|-damage|p2a: Frances Mcdormand|94\/100 tox|[from] psn
|-fieldend|move: Psychic Terrain
|upkeep
|turn|6
|
|t:|1780700599
|move|p2a: Frances Mcdormand|Knock Off|p1a: Cofagrigus
|-supereffective|p1a: Cofagrigus
|-damage|p1a: Cofagrigus|34\/100
|-activate|p1a: Cofagrigus|ability: Mummy|p2a: Frances Mcdormand|[ability] Guts
|-enditem|p1a: Cofagrigus|Leftovers|[from] move: Knock Off|[of] p2a: Frances Mcdormand
|move|p1a: Cofagrigus|Pain Split|p2a: Frances Mcdormand
|-sethp|p2a: Frances Mcdormand|60\/100 tox|[from] move: Pain Split|[silent]
|-sethp|p1a: Cofagrigus|78\/100|[from] move: Pain Split
|
|-damage|p2a: Frances Mcdormand|48\/100 tox|[from] psn
|upkeep
|turn|7
|
|t:|1780700626
|switch|p2a: Sam Rockwell|Iron Crown|100\/100
|switch|p1a: Torkoal|Torkoal, F|100\/100
|-weather|SunnyDay|[from] ability: Drought|[of] p1a: Torkoal
|
|-weather|SunnyDay|[upkeep]
|upkeep
|turn|8
|
|t:|1780700683
|move|p2a: Sam Rockwell|Agility|p2a: Sam Rockwell
|-boost|p2a: Sam Rockwell|spe|2
|move|p1a: Torkoal|Lava Plume|p2a: Sam Rockwell
|-supereffective|p2a: Sam Rockwell
|-damage|p2a: Sam Rockwell|50\/100
|-enditem|p2a: Sam Rockwell|Weakness Policy
|-boost|p2a: Sam Rockwell|atk|2|[from] item: Weakness Policy
|-boost|p2a: Sam Rockwell|spa|2|[from] item: Weakness Policy
|
|-weather|SunnyDay|[upkeep]
|upkeep
|turn|9
|
|t:|1780700714
|switch|p1a: Cofagrigus|Cofagrigus, F|78\/100
|move|p2a: Sam Rockwell|Stored Power|p1a: Cofagrigus
|-damage|p1a: Cofagrigus|0 fnt
|faint|p1a: Cofagrigus
|
|-weather|SunnyDay|[upkeep]
|upkeep
|
|t:|1780700743
|switch|p1a: Sandy Shocks|Sandy Shocks|100\/100
|-activate|p1a: Sandy Shocks|ability: Protosynthesis
|-start|p1a: Sandy Shocks|protosynthesisspe
|turn|10
|
|t:|1780700758
|move|p2a: Sam Rockwell|Stored Power|p1a: Sandy Shocks
|-damage|p1a: Sandy Shocks|0 fnt
|faint|p1a: Sandy Shocks
|-end|p1a: Sandy Shocks|Protosynthesis|[silent]
|
|-weather|SunnyDay|[upkeep]
|upkeep
|
|t:|1780700760
|switch|p1a: Ambipom|Ambipom, M|100\/100
|turn|11
|
|t:|1780700770
|move|p2a: Sam Rockwell|Stored Power|p1a: Ambipom
|-damage|p1a: Ambipom|0 fnt
|faint|p1a: Ambipom
|
|-weather|SunnyDay|[upkeep]
|upkeep
|
|t:|1780700773
|switch|p1a: Torkoal|Torkoal, F|100\/100
|turn|12
|
|t:|1780700776
|move|p2a: Sam Rockwell|Stored Power|p1a: Torkoal
|-damage|p1a: Torkoal|0 fnt
|faint|p1a: Torkoal
|
|-weather|SunnyDay|[upkeep]
|upkeep
|
|t:|1780700778
|switch|p1a: Scovillain|Scovillain, F|100\/100
|turn|13
|
|t:|1780700780
|move|p2a: Sam Rockwell|Stored Power|p1a: Scovillain
|-damage|p1a: Scovillain|0 fnt
|faint|p1a: Scovillain
|
|win|daotxtoad
|c|☆kaui|gg
|c|☆daotxtoad|ggs
|l| phantom0rion
|l| Crown Oji
|l|☆kaui
|player|p1|
|l|☆daotxtoad
|player|p2|
|j| foodss
|l| foodss

</script>
</div>
<div class="battle-log battle-log-inline"><div class="inner"><div class="battle-options"></div><div class="inner message-log"><div class="chat"><small class="gray">☆kaui and ☆daotxtoad joined</small></div><div class=""><small>Format:</small> <br><strong>[Gen 9] NatDex Draft</strong></div><div class=""><small><em>Tera Type Preview:</em> Tera Types are shown at Team Preview</small></div><div class=""><small><em>Sleep Clause Mod:</em> Limit one foe put to sleep</small></div><div class=""><small><em>OHKO Clause:</em> OHKO moves are banned</small></div><div class=""><small><em>Evasion Clause:</em> Evasion abilities, items, and moves are banned</small></div><div class=""><small><em>Evasion Abilities Clause:</em> Evasion abilities are banned</small></div><div class=""><small><em>Evasion Items Clause:</em> Evasion items are banned</small></div><div class=""><small><em>Evasion Moves Clause:</em> Evasion moves are banned</small></div><div class=""><small><em>Endless Battle Clause:</em> Forcing endless battles is banned</small></div><div class=""><small><em>HP Percentage Mod:</em> HP is shown in percentages</small></div><div class="chat"><div class="infobox"><details class="readmore" open=""><summary><strong>1 custom rule:</strong></summary> Tera Type Preview</details></div></div><div class="chat">kaui's Tera Types:<br><span class="picon" style="background:transparent url(https://play.pokemonshowdown.com/sprites/pokemonicons-sheet.png?v22) no-repeat scroll -200px -2460px"></span><img src="https://play.pokemonshowdown.com/sprites/types/Ice.png" alt="Ice" height="14" width="32" class="pixelated"> / <span class="picon" style="background:transparent url(https://play.pokemonshowdown.com/sprites/pokemonicons-sheet.png?v22) no-repeat scroll -440px -1380px"></span><img src="https://play.pokemonshowdown.com/sprites/types/Ghost.png" alt="Ghost" height="14" width="32" class="pixelated"> / <span class="picon" style="background:transparent url(https://play.pokemonshowdown.com/sprites/pokemonicons-sheet.png?v22) no-repeat scroll -0px -810px"></span><img src="https://play.pokemonshowdown.com/sprites/types/Fire.png" alt="Fire" height="14" width="32" class="pixelated"> / <span class="picon" style="background:transparent url(https://play.pokemonshowdown.com/sprites/pokemonicons-sheet.png?v22) no-repeat scroll -160px -2370px"></span><img src="https://play.pokemonshowdown.com/sprites/types/Grass.png" alt="Grass" height="14" width="32" class="pixelated"> / <span class="picon" style="background:transparent url(https://play.pokemonshowdown.com/sprites/pokemonicons-sheet.png?v22) no-repeat scroll -160px -1050px"></span><img src="https://play.pokemonshowdown.com/sprites/types/Normal.png" alt="Normal" height="14" width="32" class="pixelated"> / <span class="picon" style="background:transparent url(https://play.pokemonshowdown.com/sprites/pokemonicons-sheet.png?v22) no-repeat scroll -200px -2160px"></span><img src="https://play.pokemonshowdown.com/sprites/types/Poison.png" alt="Poison" height="14" width="32" class="pixelated"></div><div class="chat">daotxtoad's Tera Types:<br><span class="picon" style="background:transparent url(https://play.pokemonshowdown.com/sprites/pokemonicons-sheet.png?v22) no-repeat scroll -120px -2550px"></span><img src="https://play.pokemonshowdown.com/sprites/types/Steel.png" alt="Steel" height="14" width="32" class="pixelated"> / <span class="picon" style="background:transparent url(https://play.pokemonshowdown.com/sprites/pokemonicons-sheet.png?v22) no-repeat scroll -240px -1320px"></span><img src="https://play.pokemonshowdown.com/sprites/types/Fighting.png" alt="Fighting" height="14" width="32" class="pixelated"> / <span class="picon" style="background:transparent url(https://play.pokemonshowdown.com/sprites/pokemonicons-sheet.png?v22) no-repeat scroll -0px -2190px"></span><img src="https://play.pokemonshowdown.com/sprites/types/Psychic.png" alt="Psychic" height="14" width="32" class="pixelated"> / <span class="picon" style="background:transparent url(https://play.pokemonshowdown.com/sprites/pokemonicons-sheet.png?v22) no-repeat scroll -280px -1770px"></span><img src="https://play.pokemonshowdown.com/sprites/types/Flying.png" alt="Flying" height="14" width="32" class="pixelated"> / <span class="picon" style="background:transparent url(https://play.pokemonshowdown.com/sprites/pokemonicons-sheet.png?v22) no-repeat scroll -320px -2910px"></span><img src="https://play.pokemonshowdown.com/sprites/types/Ground.png" alt="Ground" height="14" width="32" class="pixelated"> / <span class="picon" style="background:transparent url(https://play.pokemonshowdown.com/sprites/pokemonicons-sheet.png?v22) no-repeat scroll -120px -3090px"></span><img src="https://play.pokemonshowdown.com/sprites/types/Fire.png" alt="Fire" height="14" width="32" class="pixelated"></div><div class="chat battle-history"><strong>kaui's team:</strong> <em style="color:#445566;display:block;">Sandy Shocks / Cofagrigus / Torkoal / Scovillain / Ambipom / Alcremie</em></div><div class="chat battle-history"><strong>daotxtoad's team:</strong> <em style="color:#445566;display:block;">Iron Crown / Conkeldurr / Indeedee / Noivern / Oricorio-Pom-Pom / Arcanine-Hisui</em></div><div class="chat chatmessage-kaui"><strong style="color:#73950c"><span class="username"><small class="groupsymbol">☆</small>kaui</span>:</strong> <em>toad raid</em></div><div class="chat chatmessage-daotxtoad"><strong style="color:#483cf3"><span class="username"><small class="groupsymbol">☆</small>daotxtoad</span>:</strong> <em>toad raid</em></div><div class="chat"><small class="gray"> phantom0rion,  Doctashock, and  Crown Oji joined</small></div><div class="spacer battle-history"><br></div><div class="battle-history">Battle started between kaui and daotxtoad!<br></div><div class="spacer battle-history"><br></div><div class="battle-history">Go! <strong>Ambipom</strong>!<br></div><div class="spacer battle-history"><br></div><div class="battle-history">daotxtoad sent out Woody Harrelson (<strong>Indeedee</strong>)!<br></div><div class="battle-history">[The opposing Woody Harrelson's Psychic Surge]<br><small>The battlefield got weird!</small><br></div><div class="spacer battle-history"><br></div><h2 class="battle-history">Turn 1</h2><div class="spacer battle-history"><br></div><div class="battle-history">Ambipom used <strong>U-turn</strong>!<br></div><div class="battle-history"><small>It's super effective!</small><br></div><div class="battle-history"><small>(The opposing Woody Harrelson lost 92% of its health!)</small><br></div><div class="spacer battle-history"><br></div><div class="battle-history">Ambipom went back to kaui!<br></div><div class="battle-history">Go! <strong>Alcremie</strong>!<br></div><div class="spacer battle-history"><br></div><div class="battle-history">The opposing Woody Harrelson used <strong>Expanding Force</strong>!<br></div><div class="battle-history"><small>(Alcremie lost 70% of its health!)</small><br></div><div class="spacer battle-history"><br></div><div class="battle-history"><small>Alcremie restored a little HP using its Leftovers!</small><br></div><div class="spacer battle-history"><br></div><h2 class="battle-history">Turn 2</h2><div class="spacer battle-history"><br></div><div class="battle-history">The opposing Woody Harrelson used <strong>Expanding Force</strong>!<br></div><div class="battle-history"><small>(Alcremie lost 36% of its health!)</small><br></div><div class="spacer battle-history"><br></div><div class="battle-history">Alcremie fainted!<br></div><div class="spacer battle-history"><br></div><div class="battle-history">Go! <strong>Ambipom</strong>!<br></div><div class="spacer battle-history"><br></div><h2 class="battle-history">Turn 3</h2><div class="spacer battle-history"><br></div><div class="battle-history">daotxtoad withdrew Woody Harrelson!<br></div><div class="battle-history">daotxtoad sent out Peter Dinklage (<strong>Noivern</strong>)!<br></div><div class="spacer battle-history"><br></div><div class="battle-history">Ambipom used <strong>Knock Off</strong>!<br></div><div class="battle-history"><small>(The opposing Peter Dinklage lost 31% of its health!)</small><br></div><div class="battle-history"><small>Ambipom knocked off the opposing Peter Dinklage's Heavy-Duty Boots!</small><br></div><div class="spacer battle-history"><br></div><h2 class="battle-history">Turn 4</h2><div class="spacer battle-history"><br></div><div class="battle-history">Ambipom, come back!<br></div><div class="battle-history">Go! <strong>Cofagrigus</strong>!<br></div><div class="spacer battle-history"><br></div><div class="battle-history">The opposing Peter Dinklage used <strong>Draco Meteor</strong>!<br></div><div class="battle-history"><small>Cofagrigus avoided the attack!</small><br></div><div class="spacer battle-history"><br></div><h2 class="battle-history">Turn 5</h2><div class="spacer battle-history"><br></div><div class="battle-history">The opposing Peter Dinklage used <strong>U-turn</strong>!<br></div><div class="battle-history"><small>It's not very effective...</small><br></div><div class="battle-history"><small>(Cofagrigus lost 3% of its health!)</small><br></div><div class="battle-history">[Cofagrigus's Mummy]<br>[The opposing Peter Dinklage's Infiltrator]<br>[The opposing Peter Dinklage's Mummy]<br><small>The opposing Peter Dinklage's Ability became Mummy!</small><br></div><div class="spacer battle-history"><br></div><div class="battle-history">The opposing Peter Dinklage went back to daotxtoad!<br></div><div class="battle-history">daotxtoad sent out Frances Mcdormand (<strong>Conkeldurr</strong>)!<br></div><div class="spacer battle-history"><br></div><div class="battle-history">Cofagrigus used <strong>Toxic</strong>!<br></div><div class="battle-history"><small>The opposing Frances Mcdormand was badly poisoned!</small><br></div><div class="spacer battle-history"><br></div><div class="battle-history"><small>Cofagrigus restored a little HP using its Leftovers!</small><br></div><div class="battle-history"><small>The opposing Frances Mcdormand was hurt by poison!</small><br></div><div class="battle-history"><small>The weirdness disappeared from the battlefield!</small><br></div><div class="spacer battle-history"><br></div><h2 class="battle-history">Turn 6</h2><div class="spacer battle-history"><br></div><div class="battle-history">The opposing Frances Mcdormand used <strong>Knock Off</strong>!<br></div><div class="battle-history"><small>It's super effective!</small><br></div><div class="battle-history"><small>(Cofagrigus lost 66% of its health!)</small><br></div><div class="battle-history">[Cofagrigus's Mummy]<br>[The opposing Frances Mcdormand's Guts]<br>[The opposing Frances Mcdormand's Mummy]<br><small>The opposing Frances Mcdormand's Ability became Mummy!</small><br></div><div class="battle-history"><small>The opposing Frances Mcdormand knocked off Cofagrigus's Leftovers!</small><br></div><div class="spacer battle-history"><br></div><div class="battle-history">Cofagrigus used <strong>Pain Split</strong>!<br></div><div class="battle-history"><small>The battlers shared their pain!</small><br></div><div class="spacer battle-history"><br></div><div class="battle-history"><small>The opposing Frances Mcdormand was hurt by poison!</small><br></div><div class="spacer battle-history"><br></div><h2 class="battle-history">Turn 7</h2><div class="spacer battle-history"><br></div><div class="battle-history">daotxtoad withdrew Frances Mcdormand!<br></div><div class="battle-history">daotxtoad sent out Sam Rockwell (<strong>Iron Crown</strong>)!<br></div><div class="spacer battle-history"><br></div><div class="battle-history">Cofagrigus, come back!<br></div><div class="battle-history">Go! <strong>Torkoal</strong>!<br></div><div class="battle-history">[Torkoal's Drought]<br><small>The sunlight turned harsh!</small><br></div><div class="spacer battle-history"><br></div><div class="battle-history"><small>(The sunlight is strong.)</small><br></div><div class="spacer battle-history"><br></div><h2 class="battle-history">Turn 8</h2><div class="spacer battle-history"><br></div><div class="battle-history">The opposing Sam Rockwell used <strong>Agility</strong>!<br></div><div class="battle-history"><small>The opposing Sam Rockwell's Speed rose sharply!</small><br></div><div class="spacer battle-history"><br></div><div class="battle-history">Torkoal used <strong>Lava Plume</strong>!<br></div><div class="battle-history"><small>It's super effective!</small><br></div><div class="battle-history"><small>(The opposing Sam Rockwell lost 50% of its health!)</small><br></div><div class="battle-history"><small>(The opposing Sam Rockwell used its Weakness Policy!)</small><br></div><div class="battle-history"><small>The Weakness Policy sharply raised the opposing Sam Rockwell's Attack!</small><br></div><div class="battle-history"><small>The Weakness Policy sharply raised the opposing Sam Rockwell's Sp. Atk!</small><br></div><div class="spacer battle-history"><br></div><div class="battle-history"><small>(The sunlight is strong.)</small><br></div><div class="spacer battle-history"><br></div><h2 class="battle-history">Turn 9</h2><div class="spacer battle-history"><br></div><div class="battle-history">Torkoal, come back!<br></div><div class="battle-history">Go! <strong>Cofagrigus</strong>!<br></div><div class="spacer battle-history"><br></div><div class="battle-history">The opposing Sam Rockwell used <strong>Stored Power</strong>!<br></div><div class="battle-history"><small>(Cofagrigus lost 78% of its health!)</small><br></div><div class="spacer battle-history"><br></div><div class="battle-history">Cofagrigus fainted!<br></div><div class="spacer battle-history"><br></div><div class="battle-history"><small>(The sunlight is strong.)</small><br></div><div class="spacer battle-history"><br></div><div class="battle-history">Go! <strong>Sandy Shocks</strong>!<br></div><div class="battle-history">[Sandy Shocks's Protosynthesis]<br><small>The harsh sunlight activated Sandy Shocks's Protosynthesis!</small><br></div><div class="battle-history"><small>Sandy Shocks's Speed was heightened!</small><br></div><div class="spacer battle-history"><br></div><h2 class="battle-history">Turn 10</h2><div class="spacer battle-history"><br></div><div class="battle-history">The opposing Sam Rockwell used <strong>Stored Power</strong>!<br></div><div class="battle-history"><small>(Sandy Shocks lost 100% of its health!)</small><br></div><div class="spacer battle-history"><br></div><div class="battle-history">Sandy Shocks fainted!<br></div><div class="spacer battle-history"><br></div><div class="battle-history"><small>(The sunlight is strong.)</small><br></div><div class="spacer battle-history"><br></div><div class="battle-history">Go! <strong>Ambipom</strong>!<br></div><div class="spacer battle-history"><br></div><h2 class="battle-history">Turn 11</h2><div class="spacer battle-history"><br></div><div class="battle-history">The opposing Sam Rockwell used <strong>Stored Power</strong>!<br></div><div class="battle-history"><small>(Ambipom lost 100% of its health!)</small><br></div><div class="spacer battle-history"><br></div><div class="battle-history">Ambipom fainted!<br></div><div class="spacer battle-history"><br></div><div class="battle-history"><small>(The sunlight is strong.)</small><br></div><div class="spacer battle-history"><br></div><div class="battle-history">Go! <strong>Torkoal</strong>!<br></div><div class="spacer battle-history"><br></div><h2 class="battle-history">Turn 12</h2><div class="spacer battle-history"><br></div><div class="battle-history">The opposing Sam Rockwell used <strong>Stored Power</strong>!<br></div><div class="battle-history"><small>(Torkoal lost 100% of its health!)</small><br></div><div class="spacer battle-history"><br></div><div class="battle-history">Torkoal fainted!<br></div><div class="spacer battle-history"><br></div><div class="battle-history"><small>(The sunlight is strong.)</small><br></div><div class="spacer battle-history"><br></div><div class="battle-history">Go! <strong>Scovillain</strong>!<br></div><div class="spacer battle-history"><br></div><h2 class="battle-history">Turn 13</h2><div class="spacer battle-history"><br></div><div class="battle-history">The opposing Sam Rockwell used <strong>Stored Power</strong>!<br></div><div class="battle-history"><small>(Scovillain lost 100% of its health!)</small><br></div><div class="spacer battle-history"><br></div><div class="battle-history">Scovillain fainted!<br></div><div class="spacer battle-history"><br></div><div class="battle-history"><strong>daotxtoad</strong> won the battle!<br></div><div class="chat chatmessage-kaui"><strong style="color:#73950c"><span class="username"><small class="groupsymbol">☆</small>kaui</span>:</strong> <em>gg</em></div><div class="chat chatmessage-daotxtoad"><strong style="color:#483cf3"><span class="username"><small class="groupsymbol">☆</small>daotxtoad</span>:</strong> <em>ggs</em></div><div class="chat"><small class="gray"> phantom0rion,  Crown Oji, and ☆kaui left</small></div><div class="chat"><small class="gray">☆daotxtoad left</small></div><div class="chat"><small class="gray"> foodss joined;  foodss left</small></div></div><div class="inner-preempt message-log"></div></div></div>
</div>
<script>
let daily = Math.floor(Date.now()/1000/60/60/24);document.write('<script src="https://play.pokemonshowdown.com/js/replay-embed.js?version'+daily+'"></'+'script>');
</script>
