<!DOCTYPE html>
<meta charset="utf-8" />
<!-- version 1 -->
<title>[Gen 9] NatDex Draft replay: Doctashock vs. Contranaut</title>
<style>
html,body {font-family:Verdana, sans-serif;font-size:10pt;margin:0;padding:0;}body{padding:12px 0;} .battle-log {font-family:Verdana, sans-serif;font-size:10pt;} .battle-log-inline {border:1px solid #AAAAAA;background:#EEF2F5;color:black;max-width:640px;margin:0 auto 80px;padding-bottom:5px;} .battle-log .inner {padding:4px 8px 0px 8px;} .battle-log .inner-preempt {padding:0 8px 4px 8px;} .battle-log .inner-after {margin-top:0.5em;} .battle-log h2 {margin:0.5em -8px;padding:4px 8px;border:1px solid #AAAAAA;background:#E0E7EA;border-left:0;border-right:0;font-family:Verdana, sans-serif;font-size:13pt;} .battle-log .chat {vertical-align:middle;padding:3px 0 3px 0;font-size:8pt;} .battle-log .chat strong {color:#40576A;} .battle-log .chat em {padding:1px 4px 1px 3px;color:#000000;font-style:normal;} .chat.mine {background:rgba(0,0,0,0.05);margin-left:-8px;margin-right:-8px;padding-left:8px;padding-right:8px;} .spoiler {color:#BBBBBB;background:#BBBBBB;padding:0px 3px;} .spoiler:hover, .spoiler:active, .spoiler-shown {color:#000000;background:#E2E2E2;padding:0px 3px;} .spoiler a {color:#BBBBBB;} .spoiler:hover a, .spoiler:active a, .spoiler-shown a {color:#2288CC;} .chat code, .chat .spoiler:hover code, .chat .spoiler:active code, .chat .spoiler-shown code {border:1px solid #C0C0C0;background:#EEEEEE;color:black;padding:0 2px;} .chat .spoiler code {border:1px solid #CCCCCC;background:#CCCCCC;color:#CCCCCC;} .battle-log .rated {padding:3px 4px;} .battle-log .rated strong {color:white;background:#89A;padding:1px 4px;border-radius:4px;} .spacer {margin-top:0.5em;} .message-announce {background:#6688AA;color:white;padding:1px 4px 2px;} .message-announce a, .broadcast-green a, .broadcast-blue a, .broadcast-red a {color:#DDEEFF;} .broadcast-green {background-color:#559955;color:white;padding:2px 4px;} .broadcast-blue {background-color:#6688AA;color:white;padding:2px 4px;} .infobox {border:1px solid #6688AA;padding:2px 4px;} .infobox-limited {max-height:200px;overflow:auto;overflow-x:hidden;} .broadcast-red {background-color:#AA5544;color:white;padding:2px 4px;} .message-learn-canlearn {font-weight:bold;color:#228822;text-decoration:underline;} .message-learn-cannotlearn {font-weight:bold;color:#CC2222;text-decoration:underline;} .message-effect-weak {font-weight:bold;color:#CC2222;} .message-effect-resist {font-weight:bold;color:#6688AA;} .message-effect-immune {font-weight:bold;color:#666666;} .message-learn-list {margin-top:0;margin-bottom:0;} .message-throttle-notice, .message-error {color:#992222;} .message-overflow, .chat small.message-overflow {font-size:0pt;} .message-overflow::before {font-size:9pt;content:'...';} .subtle {color:#3A4A66;}
</style>
<div class="wrapper replay-wrapper" style="max-width:1180px;margin:0 auto">
<input type="hidden" name="replayid" value="gen9natdexdraft-2628819106" />
<div class="battle"></div><div class="battle-log"></div><div class="replay-controls"></div><div class="replay-controls-2"></div>
<h1 style="font-weight:normal;text-align:center"><strong>[Gen 9] NatDex Draft</strong><br /><a href="http://pokemonshowdown.com/users/doctashock" class="subtle" target="_blank">Doctashock</a> vs. <a href="http://pokemonshowdown.com/users/contranaut" class="subtle" target="_blank">Contranaut</a></h1>
<script type="text/plain" class="battle-log-data">
|j|☆Doctashock
|j|☆Contranaut
|t:|1781059004
|gametype|singles
|player|p1|Doctashock|101|
|player|p2|Contranaut|steven|
|gen|9
|tier|[Gen 9] NatDex Draft
|rule|Tera Type Preview: Tera Types are shown at Team Preview
|rule|Sleep Clause Mod: Limit one foe put to sleep
|rule|OHKO Clause: OHKO moves are banned
|rule|Evasion Clause: Evasion abilities, items, and moves are banned
|rule|Evasion Abilities Clause: Evasion abilities are banned
|rule|Evasion Items Clause: Evasion items are banned
|rule|Evasion Moves Clause: Evasion moves are banned
|rule|Endless Battle Clause: Forcing endless battles is banned
|rule|HP Percentage Mod: HP is shown in percentages
|raw|<div class="infobox"><details class="readmore" open><summary><strong>1 custom rule:<\/strong><\/summary> Tera Type Preview<\/details><\/div>
|clearpoke
|poke|p1|Articuno|
|poke|p1|Infernape, F|
|poke|p1|Weezing-Galar, F|
|poke|p1|Bisharp, M|
|poke|p1|Blastoise, M|
|poke|p1|Piloswine, M|
|poke|p2|Jirachi|
|poke|p2|Zygarde-10%|
|poke|p2|Glimmora, M|
|poke|p2|Rotom-Heat|
|poke|p2|Vaporeon, F|
|poke|p2|Zoroark-Hisui, M|
|raw|Doctashock's Tera Types:<br \/><psicon pokemon="articuno" \/><psicon type="Ground" \/> \/ <psicon pokemon="infernape" \/><psicon type="Fire" \/> \/ <psicon pokemon="weezinggalar" \/><psicon type="Poison" \/> \/ <psicon pokemon="bisharp" \/><psicon type="Dark" \/> \/ <psicon pokemon="blastoise" \/><psicon type="Electric" \/> \/ <psicon pokemon="piloswine" \/><psicon type="Ice" \/>
|raw|Contranaut's Tera Types:<br \/><psicon pokemon="jirachi" \/><psicon type="Steel" \/> \/ <psicon pokemon="zygarde10" \/><psicon type="Fairy" \/> \/ <psicon pokemon="glimmora" \/><psicon type="Rock" \/> \/ <psicon pokemon="rotomheat" \/><psicon type="Electric" \/> \/ <psicon pokemon="vaporeon" \/><psicon type="Water" \/> \/ <psicon pokemon="zoroarkhisui" \/><psicon type="Ghost" \/>
|teampreview
|j| tomkeap
|j| serendipidu
|c| serendipidu|dont lose!
|c| tomkeap|good luck
|c|☆Doctashock|gl gl
|
|t:|1781059139
|teamsize|p1|6
|teamsize|p2|6
|start
|switch|p1a: Ice Cube|Piloswine, M|100\/100
|switch|p2a: Rue Bear|Zygarde-10%|100\/100
|turn|1
|j| ksch
|
|t:|1781059229
|move|p2a: Rue Bear|Poltergeist|p1a: Ice Cube
|-activate|p1a: Ice Cube|move: Poltergeist|Eviolite
|-crit|p1a: Ice Cube
|-damage|p1a: Ice Cube|28\/100
|move|p1a: Ice Cube|Stealth Rock|p2a: Rue Bear
|-sidestart|p2: Contranaut|move: Stealth Rock
|
|upkeep
|turn|2
|j| ChillerFrost
|j| Crown Oji
|
|t:|1781059433
|move|p2a: Rue Bear|Poltergeist|p1a: Ice Cube
|-activate|p1a: Ice Cube|move: Poltergeist|Eviolite
|-crit|p1a: Ice Cube
|-damage|p1a: Ice Cube|0 fnt
|faint|p1a: Ice Cube
|
|upkeep
|
|t:|1781059437
|switch|p1a: Shredder|Bisharp, M, shiny|100\/100
|turn|3
|
|t:|1781059524
|move|p2a: Rue Bear|Poltergeist|p1a: Shredder|[miss]
|-miss|p2a: Rue Bear|p1a: Shredder
|move|p1a: Shredder|Swords Dance|p1a: Shredder
|-boost|p1a: Shredder|atk|2
|
|upkeep
|turn|4
|j| phantom0rion
|j| imred65
|
|t:|1781059712
|move|p2a: Rue Bear|Poltergeist|p1a: Shredder
|-activate|p1a: Shredder|move: Poltergeist|Life Orb
|-resisted|p1a: Shredder
|-damage|p1a: Shredder|56\/100
|move|p1a: Shredder|Knock Off|p2a: Rue Bear
|-supereffective|p2a: Rue Bear
|-crit|p2a: Rue Bear
|-damage|p2a: Rue Bear|0 fnt
|replace|p2a: Zoroark|Zoroark-Hisui, M
|-end|p2a: Zoroark|Illusion
|-enditem|p2a: Zoroark|Choice Band|[from] move: Knock Off|[of] p1a: Shredder
|faint|p2a: Zoroark
|-damage|p1a: Shredder|47\/100|[from] item: Life Orb
|
|upkeep
|
|t:|1781059762
|switch|p2a: Rue Bear|Zygarde-10%|100\/100
|-damage|p2a: Rue Bear|94\/100|[from] Stealth Rock
|-ability|p2a: Rue Bear|Aura Break
|turn|5
|l| phantom0rion
|
|t:|1781059891
|switch|p1a: Carl|Weezing-Galar, F|100\/100
|-ability|p1a: Carl|Neutralizing Gas
|-terastallize|p2a: Rue Bear|Fairy
|move|p2a: Rue Bear|Thousand Arrows|p1a: Carl
|-supereffective|p1a: Carl
|-damage|p1a: Carl|53\/100
|
|-heal|p2a: Rue Bear|100\/100|[from] item: Leftovers
|-heal|p1a: Carl|59\/100|[from] item: Black Sludge
|upkeep
|turn|6
|
|t:|1781059930
|switch|p2a: Glimmora|Glimmora, M|100\/100
|-damage|p2a: Glimmora|88\/100|[from] Stealth Rock
|move|p1a: Carl|Clear Smog|p2a: Glimmora
|-resisted|p2a: Glimmora
|-damage|p2a: Glimmora|85\/100
|-clearboost|p2a: Glimmora
|
|-heal|p1a: Carl|65\/100|[from] item: Black Sludge
|upkeep
|turn|7
|inactive|Battle timer is ON: inactive players will automatically lose when time's up. (requested by Contranaut)
|c|☆Doctashock|l.ol
|c|☆Doctashock|turn that off big  bro
|c|☆Doctashock|you tooka yyear on turn 1-4
|c|☆Doctashock|goh it ur
|c|☆Doctashock|!servertime
|c| Doctashock|\/raw <div class="infobox">Server time: <b>6\/10\/2026, 2:54:11 AM<\/b><\/div>
|c|☆Contranaut|iti's been 10 mins
|c|☆Doctashock|you get 10 minutes
|inactive|Doctashock has 270 seconds left.
|c|☆Doctashock|after that one
|c|☆Doctashock|%
|c|☆Doctashock|hit severtime next big bro
|c|☆Contranaut|I did
|c|☆Contranaut|oh I didn't do !
|inactiveoff|Battle timer is now OFF.
|l| Crown Oji
|
|t:|1781060122
|move|p2a: Glimmora|Mortal Spin|p1a: Carl
|-damage|p1a: Carl|61\/100
|-sideend|p2: Contranaut|Stealth Rock|[from] move: Mortal Spin|[of] p2a: Glimmora
|move|p1a: Carl|Strange Steam|p2a: Glimmora
|-resisted|p2a: Glimmora
|-damage|p2a: Glimmora|75\/100
|
|-heal|p1a: Carl|67\/100|[from] item: Black Sludge
|upkeep
|turn|8
|
|t:|1781060135
|move|p2a: Glimmora|Earth Power|p1a: Carl
|-supereffective|p1a: Carl
|-damage|p1a: Carl|0 fnt
|faint|p1a: Carl
|-end|p1a: Carl|ability: Neutralizing Gas
|
|upkeep
|
|t:|1781060162
|switch|p1a: Shredder|Bisharp, M, shiny|47\/100
|turn|9
|
|t:|1781060197
|move|p1a: Shredder|Iron Head|p2a: Glimmora
|-supereffective|p2a: Glimmora
|-damage|p2a: Glimmora|0 fnt
|-activate|p2a: Glimmora|ability: Toxic Debris
|-sidestart|p1: Doctashock|move: Toxic Spikes
|faint|p2a: Glimmora
|-damage|p1a: Shredder|37\/100|[from] item: Life Orb
|
|upkeep
|j| ryan700123
|
|t:|1781060264
|switch|p2a: Rue Bear|Zygarde-10%, tera:Fairy|100\/100
|-ability|p2a: Rue Bear|Aura Break
|turn|10
|j| daotxtoad
|
|t:|1781060327
|switch|p1a: Frostwing|Articuno|100\/100
|-ability|p1a: Frostwing|Pressure
|move|p2a: Rue Bear|Coil|p2a: Rue Bear
|-boost|p2a: Rue Bear|atk|1
|-boost|p2a: Rue Bear|def|1
|-boost|p2a: Rue Bear|accuracy|1
|
|upkeep
|turn|11
|j| Crown Oji
|
|t:|1781060391
|move|p2a: Rue Bear|Thousand Arrows|p1a: Frostwing
|-damage|p1a: Frostwing|50\/100
|-start|p1a: Frostwing|Smack Down
|move|p1a: Frostwing|Light Screen|p1a: Frostwing
|-sidestart|p1: Doctashock|move: Light Screen
|
|upkeep
|turn|12
|
|t:|1781060416
|move|p2a: Rue Bear|Thousand Arrows|p1a: Frostwing
|-damage|p1a: Frostwing|0 fnt
|faint|p1a: Frostwing
|
|upkeep
|
|t:|1781060454
|switch|p1a: Luffy|Infernape, F|100\/100
|-status|p1a: Luffy|psn
|turn|13
|
|t:|1781060470
|move|p2a: Rue Bear|Thousand Arrows|p1a: Luffy
|-supereffective|p1a: Luffy
|-enditem|p1a: Luffy|Focus Sash
|-damage|p1a: Luffy|1\/100 psn
|move|p1a: Luffy|Counter|p2a: Rue Bear
|-damage|p2a: Rue Bear|0 fnt
|faint|p2a: Rue Bear
|
|-damage|p1a: Luffy|0 fnt|[from] psn
|faint|p1a: Luffy
|upkeep
|c|☆Contranaut|nice
|c|☆Doctashock|if only there was no spikes
|c|☆Doctashock|rude
|c|☆Doctashock|:<
|l| daotxtoad
|l| imred65
|
|t:|1781060634
|switch|p2a: Carolina|Jirachi|100\/100
|switch|p1a: Shredder|Bisharp, M, shiny|37\/100
|turn|14
|
|t:|1781060681
|switch|p2a: Rotom|Rotom-Heat|100\/100
|move|p1a: Shredder|Sucker Punch||[still]
|-fail|p1a: Shredder
|
|upkeep
|turn|15
|
|t:|1781060712
|move|p1a: Shredder|Sucker Punch|p2a: Rotom
|-damage|p2a: Rotom|56\/100
|-damage|p1a: Shredder|27\/100|[from] item: Life Orb
|move|p2a: Rotom|Volt Switch|p1a: Shredder
|-damage|p1a: Shredder|5\/100
|
|t:|1781060741
|switch|p2a: Vaporeon|Vaporeon, F|100\/100|[from] Volt Switch
|
|upkeep
|turn|16
|l| Crown Oji
|j| Crown Oji
|
|t:|1781060827
|move|p2a: Vaporeon|Protect|p2a: Vaporeon
|-singleturn|p2a: Vaporeon|Protect
|move|p1a: Shredder|Knock Off|p2a: Vaporeon
|-activate|p2a: Vaporeon|move: Protect
|
|upkeep
|turn|17
|
|t:|1781060842
|switch|p2a: Rotom|Rotom-Heat|56\/100
|move|p1a: Shredder|Knock Off|p2a: Rotom
|-damage|p2a: Rotom|0 fnt
|-enditem|p2a: Rotom|Heavy-Duty Boots|[from] move: Knock Off|[of] p1a: Shredder
|faint|p2a: Rotom
|-damage|p1a: Shredder|0 fnt|[from] item: Life Orb
|faint|p1a: Shredder
|
|upkeep
|
|t:|1781060851
|switch|p1a: Dr Turtle|Blastoise, M|100\/100
|switch|p2a: Carolina|Jirachi|100\/100
|-status|p1a: Dr Turtle|psn
|turn|18
|
|t:|1781060860
|move|p1a: Dr Turtle|Shell Smash|p1a: Dr Turtle
|-unboost|p1a: Dr Turtle|def|1
|-unboost|p1a: Dr Turtle|spd|1
|-boost|p1a: Dr Turtle|atk|2
|-boost|p1a: Dr Turtle|spa|2
|-boost|p1a: Dr Turtle|spe|2
|-enditem|p1a: Dr Turtle|White Herb
|-clearnegativeboost|p1a: Dr Turtle|[silent]
|move|p2a: Carolina|Calm Mind|p2a: Carolina
|-boost|p2a: Carolina|spa|1
|-boost|p2a: Carolina|spd|1
|
|-damage|p1a: Dr Turtle|88\/100 psn|[from] psn
|-sideend|p1: Doctashock|move: Light Screen
|upkeep
|turn|19
|
|t:|1781060898
|move|p1a: Dr Turtle|Yawn|p2a: Carolina
|-start|p2a: Carolina|move: Yawn|[of] p1a: Dr Turtle
|move|p2a: Carolina|Psychic|p1a: Dr Turtle
|-damage|p1a: Dr Turtle|21\/100 psn
|
|-damage|p1a: Dr Turtle|8\/100 psn|[from] psn
|upkeep
|turn|20
|c|☆Doctashock|ggs
|c|☆Contranaut|ggs
|
|t:|1781060909
|switch|p2a: Vaporeon|Vaporeon, F|100\/100
|-terastallize|p1a: Dr Turtle|Electric
|move|p1a: Dr Turtle|Surf|p2a: Vaporeon
|-immune|p2a: Vaporeon|[from] ability: Water Absorb
|
|-damage|p1a: Dr Turtle|0 fnt|[from] psn
|faint|p1a: Dr Turtle
|
|win|Contranaut
|c|☆Contranaut|that was sticky
|c| tomkeap|gg
|l| tomkeap
|l| Crown Oji
|l| ksch
|c|☆Contranaut|I was like so confused with the light screen and infernape
|j| daotxtoad
|c|☆Contranaut|but makes a lot of sense
|c|☆Contranaut|good prep
|c|☆Doctashock|ty ty
|c|☆Doctashock|gl !
|c|☆Doctashock|with the rest of da season
|c|☆Contranaut|u2

</script>
</div>
<div class="battle-log battle-log-inline"><div class="inner"><div class="battle-options"></div><div class="inner message-log"><div class="chat"><small class="gray">☆Doctashock and ☆Contranaut joined</small></div><div class=""><small>Format:</small> <br><strong>[Gen 9] NatDex Draft</strong></div><div class=""><small><em>Tera Type Preview:</em> Tera Types are shown at Team Preview</small></div><div class=""><small><em>Sleep Clause Mod:</em> Limit one foe put to sleep</small></div><div class=""><small><em>OHKO Clause:</em> OHKO moves are banned</small></div><div class=""><small><em>Evasion Clause:</em> Evasion abilities, items, and moves are banned</small></div><div class=""><small><em>Evasion Abilities Clause:</em> Evasion abilities are banned</small></div><div class=""><small><em>Evasion Items Clause:</em> Evasion items are banned</small></div><div class=""><small><em>Evasion Moves Clause:</em> Evasion moves are banned</small></div><div class=""><small><em>Endless Battle Clause:</em> Forcing endless battles is banned</small></div><div class=""><small><em>HP Percentage Mod:</em> HP is shown in percentages</small></div><div class="chat"><div class="infobox"><details class="readmore" open=""><summary><strong>1 custom rule:</strong></summary> Tera Type Preview</details></div></div><div class="chat">Doctashock's Tera Types:<br><span class="picon" style="background:transparent url(https://play.pokemonshowdown.com/sprites/pokemonicons-sheet.png?v22) no-repeat scroll -0px -360px"></span><img src="https://play.pokemonshowdown.com/sprites/types/Ground.png" alt="Ground" height="14" width="32" class="pixelated"> / <span class="picon" style="background:transparent url(https://play.pokemonshowdown.com/sprites/pokemonicons-sheet.png?v22) no-repeat scroll -320px -960px"></span><img src="https://play.pokemonshowdown.com/sprites/types/Fire.png" alt="Fire" height="14" width="32" class="pixelated"> / <span class="picon" style="background:transparent url(https://play.pokemonshowdown.com/sprites/pokemonicons-sheet.png?v22) no-repeat scroll -80px -3000px"></span><img src="https://play.pokemonshowdown.com/sprites/types/Poison.png" alt="Poison" height="14" width="32" class="pixelated"> / <span class="picon" style="background:transparent url(https://play.pokemonshowdown.com/sprites/pokemonicons-sheet.png?v22) no-repeat scroll -40px -1560px"></span><img src="https://play.pokemonshowdown.com/sprites/types/Dark.png" alt="Dark" height="14" width="32" class="pixelated"> / <span class="picon" style="background:transparent url(https://play.pokemonshowdown.com/sprites/pokemonicons-sheet.png?v22) no-repeat scroll -360px -0px"></span><img src="https://play.pokemonshowdown.com/sprites/types/Electric.png" alt="Electric" height="14" width="32" class="pixelated"> / <span class="picon" style="background:transparent url(https://play.pokemonshowdown.com/sprites/pokemonicons-sheet.png?v22) no-repeat scroll -200px -540px"></span><img src="https://play.pokemonshowdown.com/sprites/types/Ice.png" alt="Ice" height="14" width="32" class="pixelated"></div><div class="chat">Contranaut's Tera Types:<br><span class="picon" style="background:transparent url(https://play.pokemonshowdown.com/sprites/pokemonicons-sheet.png?v22) no-repeat scroll -40px -960px"></span><img src="https://play.pokemonshowdown.com/sprites/types/Steel.png" alt="Steel" height="14" width="32" class="pixelated"> / <span class="picon" style="background:transparent url(https://play.pokemonshowdown.com/sprites/pokemonicons-sheet.png?v22) no-repeat scroll -240px -2910px"></span><img src="https://play.pokemonshowdown.com/sprites/types/Fairy.png" alt="Fairy" height="14" width="32" class="pixelated"> / <span class="picon" style="background:transparent url(https://play.pokemonshowdown.com/sprites/pokemonicons-sheet.png?v22) no-repeat scroll -400px -2400px"></span><img src="https://play.pokemonshowdown.com/sprites/types/Rock.png" alt="Rock" height="14" width="32" class="pixelated"> / <span class="picon" style="background:transparent url(https://play.pokemonshowdown.com/sprites/pokemonicons-sheet.png?v22) no-repeat scroll -80px -2700px"></span><img src="https://play.pokemonshowdown.com/sprites/types/Electric.png" alt="Electric" height="14" width="32" class="pixelated"> / <span class="picon" style="background:transparent url(https://play.pokemonshowdown.com/sprites/pokemonicons-sheet.png?v22) no-repeat scroll -80px -330px"></span><img src="https://play.pokemonshowdown.com/sprites/types/Water.png" alt="Water" height="14" width="32" class="pixelated"> / <span class="picon" style="background:transparent url(https://play.pokemonshowdown.com/sprites/pokemonicons-sheet.png?v22) no-repeat scroll -0px -3120px"></span><img src="https://play.pokemonshowdown.com/sprites/types/Ghost.png" alt="Ghost" height="14" width="32" class="pixelated"></div><div class="chat battle-history"><strong>Doctashock's team:</strong> <em style="color:#445566;display:block;">Articuno / Infernape / Weezing-Galar / Bisharp / Blastoise / Piloswine</em></div><div class="chat battle-history"><strong>Contranaut's team:</strong> <em style="color:#445566;display:block;">Jirachi / Zygarde-10% / Glimmora / Rotom-Heat / Vaporeon / Zoroark-Hisui</em></div><div class="chat"><small class="gray"> tomkeap and  serendipidu joined</small></div><div class="chat chatmessage-serendipidu"><strong style="color:#7c53d9"><span class="username"><small class="groupsymbol"> </small>serendipidu</span>:</strong> <em>dont lose!</em></div><div class="chat chatmessage-tomkeap"><strong style="color:#416faf"><span class="username"><small class="groupsymbol"> </small>tomkeap</span>:</strong> <em>good luck</em></div><div class="chat chatmessage-doctashock"><strong style="color:#15a4c7"><span class="username"><small class="groupsymbol">☆</small>Doctashock</span>:</strong> <em>gl gl</em></div><div class="spacer battle-history"><br></div><div class="battle-history">Battle started between Doctashock and Contranaut!<br></div><div class="spacer battle-history"><br></div><div class="battle-history">Go! Ice Cube (<strong>Piloswine</strong>)!<br></div><div class="spacer battle-history"><br></div><div class="battle-history">Contranaut sent out Rue Bear (<strong>Zygarde-10%</strong>)!<br></div><div class="spacer battle-history"><br></div><h2 class="battle-history">Turn 1</h2><div class="chat"><small class="gray"> ksch joined</small></div><div class="spacer battle-history"><br></div><div class="battle-history">The opposing Rue Bear used <strong>Poltergeist</strong>!<br></div><div class="battle-history"><small>Ice Cube is about to be attacked by its Eviolite!</small><br></div><div class="battle-history"><small>A critical hit!</small><br></div><div class="battle-history"><small>(Ice Cube lost 72% of its health!)</small><br></div><div class="spacer battle-history"><br></div><div class="battle-history">Ice Cube used <strong>Stealth Rock</strong>!<br></div><div class="battle-history"><small>Pointed stones float in the air around the opposing team!</small><br></div><div class="spacer battle-history"><br></div><h2 class="battle-history">Turn 2</h2><div class="chat"><small class="gray"> ChillerFrost and  Crown Oji joined</small></div><div class="spacer battle-history"><br></div><div class="battle-history">The opposing Rue Bear used <strong>Poltergeist</strong>!<br></div><div class="battle-history"><small>Ice Cube is about to be attacked by its Eviolite!</small><br></div><div class="battle-history"><small>A critical hit!</small><br></div><div class="battle-history"><small>(Ice Cube lost 28% of its health!)</small><br></div><div class="spacer battle-history"><br></div><div class="battle-history">Ice Cube fainted!<br></div><div class="spacer battle-history"><br></div><div class="battle-history">Go! Shredder (<strong>Bisharp</strong>)!<br></div><div class="spacer battle-history"><br></div><h2 class="battle-history">Turn 3</h2><div class="spacer battle-history"><br></div><div class="battle-history">The opposing Rue Bear used <strong>Poltergeist</strong>!<br></div><div class="battle-history"><small>Shredder avoided the attack!</small><br></div><div class="spacer battle-history"><br></div><div class="battle-history">Shredder used <strong>Swords Dance</strong>!<br></div><div class="battle-history"><small>Shredder's Attack rose sharply!</small><br></div><div class="spacer battle-history"><br></div><h2 class="battle-history">Turn 4</h2><div class="chat"><small class="gray"> phantom0rion and  imred65 joined</small></div><div class="spacer battle-history"><br></div><div class="battle-history">The opposing Rue Bear used <strong>Poltergeist</strong>!<br></div><div class="battle-history"><small>Shredder is about to be attacked by its Life Orb!</small><br></div><div class="battle-history"><small>It's not very effective...</small><br></div><div class="battle-history"><small>(Shredder lost 44% of its health!)</small><br></div><div class="spacer battle-history"><br></div><div class="battle-history">Shredder used <strong>Knock Off</strong>!<br></div><div class="battle-history"><small>It's super effective!</small><br></div><div class="battle-history"><small>A critical hit!</small><br></div><div class="battle-history"><small>(The opposing Rue Bear lost 100% of its health!)</small><br></div><div class="battle-history"><small>The opposing Zoroark's illusion wore off!</small><br></div><div class="battle-history"><small>Shredder knocked off the opposing Zoroark's Choice Band!</small><br></div><div class="spacer battle-history"><br></div><div class="battle-history">The opposing Zoroark fainted!<br></div><div class="battle-history"><small>Shredder lost some of its HP!</small><br></div><div class="spacer battle-history"><br></div><div class="battle-history">Contranaut sent out Rue Bear (<strong>Zygarde-10%</strong>)!<br></div><div class="battle-history"><small>Pointed stones dug into the opposing Rue Bear!</small><br></div><div class="battle-history">[The opposing Rue Bear's Aura Break]<br><small>The opposing Rue Bear reversed all other Pokémon's auras!</small><br></div><div class="spacer battle-history"><br></div><h2 class="battle-history">Turn 5</h2><div class="chat"><small class="gray"> phantom0rion left</small></div><div class="spacer battle-history"><br></div><div class="battle-history">Shredder, come back!<br></div><div class="battle-history">Go! Carl (<strong>Weezing-Galar</strong>)!<br></div><div class="battle-history">[Carl's Neutralizing Gas]<br><small>Neutralizing gas filled the area!</small><br></div><div class="spacer battle-history"><br></div><div class="battle-history"><small>The opposing Rue Bear has Terastallized into the Fairy-type!</small><br></div><div class="spacer battle-history"><br></div><div class="battle-history">The opposing Rue Bear used <strong>Thousand Arrows</strong>!<br></div><div class="battle-history"><small>It's super effective!</small><br></div><div class="battle-history"><small>(Carl lost 47% of its health!)</small><br></div><div class="spacer battle-history"><br></div><div class="battle-history"><small>The opposing Rue Bear restored a little HP using its Leftovers!</small><br></div><div class="battle-history"><small>Carl restored a little HP using its Black Sludge!</small><br></div><div class="spacer battle-history"><br></div><h2 class="battle-history">Turn 6</h2><div class="spacer battle-history"><br></div><div class="battle-history">Contranaut withdrew Rue Bear!<br></div><div class="battle-history">Contranaut sent out <strong>Glimmora</strong>!<br></div><div class="battle-history"><small>Pointed stones dug into the opposing Glimmora!</small><br></div><div class="spacer battle-history"><br></div><div class="battle-history">Carl used <strong>Clear Smog</strong>!<br></div><div class="battle-history"><small>It's not very effective...</small><br></div><div class="battle-history"><small>(The opposing Glimmora lost 3% of its health!)</small><br></div><div class="battle-history"><small>The opposing Glimmora's stat changes were removed!</small><br></div><div class="spacer battle-history"><br></div><div class="battle-history"><small>Carl restored a little HP using its Black Sludge!</small><br></div><div class="spacer battle-history"><br></div><h2 class="battle-history">Turn 7</h2><div class="chat message-error">Battle timer is ON: inactive players will automatically lose when time's up. (requested by Contranaut)</div><div class="chat chatmessage-doctashock"><strong style="color:#15a4c7"><span class="username"><small class="groupsymbol">☆</small>Doctashock</span>:</strong> <em>l.ol</em></div><div class="chat chatmessage-doctashock"><strong style="color:#15a4c7"><span class="username"><small class="groupsymbol">☆</small>Doctashock</span>:</strong> <em>turn that off big  bro</em></div><div class="chat chatmessage-doctashock"><strong style="color:#15a4c7"><span class="username"><small class="groupsymbol">☆</small>Doctashock</span>:</strong> <em>you tooka yyear on turn 1-4</em></div><div class="chat chatmessage-doctashock"><strong style="color:#15a4c7"><span class="username"><small class="groupsymbol">☆</small>Doctashock</span>:</strong> <em>goh it ur</em></div><div class="chat chatmessage-doctashock"><strong style="color:#15a4c7"><span class="username"><small class="groupsymbol">☆</small>Doctashock</span>:</strong> <em>!servertime</em></div><div class="chat"><div class="infobox">Server time: <b>6/10/2026, 2:54:11 AM</b></div></div><div class="chat chatmessage-contranaut"><strong style="color:#237f9e"><span class="username"><small class="groupsymbol">☆</small>Contranaut</span>:</strong> <em>iti's been 10 mins</em></div><div class="chat chatmessage-doctashock"><strong style="color:#15a4c7"><span class="username"><small class="groupsymbol">☆</small>Doctashock</span>:</strong> <em>you get 10 minutes</em></div><div class="chat message-error">Doctashock has 270 seconds left.</div><div class="chat chatmessage-doctashock"><strong style="color:#15a4c7"><span class="username"><small class="groupsymbol">☆</small>Doctashock</span>:</strong> <em>after that one</em></div><div class="chat chatmessage-doctashock"><strong style="color:#15a4c7"><span class="username"><small class="groupsymbol">☆</small>Doctashock</span>:</strong> <em>%</em></div><div class="chat chatmessage-doctashock"><strong style="color:#15a4c7"><span class="username"><small class="groupsymbol">☆</small>Doctashock</span>:</strong> <em>hit severtime next big bro</em></div><div class="chat chatmessage-contranaut"><strong style="color:#237f9e"><span class="username"><small class="groupsymbol">☆</small>Contranaut</span>:</strong> <em>I did</em></div><div class="chat chatmessage-contranaut"><strong style="color:#237f9e"><span class="username"><small class="groupsymbol">☆</small>Contranaut</span>:</strong> <em>oh I didn't do !</em></div><div class="chat message-error">Battle timer is now OFF.</div><div class="chat"><small class="gray"> Crown Oji left</small></div><div class="spacer battle-history"><br></div><div class="battle-history">The opposing Glimmora used <strong>Mortal Spin</strong>!<br></div><div class="battle-history"><small>(Carl lost 4% of its health!)</small><br></div><div class="battle-history"><small>The pointed stones disappeared from around the opposing team!</small><br></div><div class="spacer battle-history"><br></div><div class="battle-history">Carl used <strong>Strange Steam</strong>!<br></div><div class="battle-history"><small>It's not very effective...</small><br></div><div class="battle-history"><small>(The opposing Glimmora lost 10% of its health!)</small><br></div><div class="spacer battle-history"><br></div><div class="battle-history"><small>Carl restored a little HP using its Black Sludge!</small><br></div><div class="spacer battle-history"><br></div><h2 class="battle-history">Turn 8</h2><div class="spacer battle-history"><br></div><div class="battle-history">The opposing Glimmora used <strong>Earth Power</strong>!<br></div><div class="battle-history"><small>It's super effective!</small><br></div><div class="battle-history"><small>(Carl lost 67% of its health!)</small><br></div><div class="spacer battle-history"><br></div><div class="battle-history">Carl fainted!<br></div><div class="battle-history">[Carl's Neutralizing Gas]<br><small>The effects of the neutralizing gas wore off!</small><br></div><div class="spacer battle-history"><br></div><div class="battle-history">Go! Shredder (<strong>Bisharp</strong>)!<br></div><div class="spacer battle-history"><br></div><h2 class="battle-history">Turn 9</h2><div class="spacer battle-history"><br></div><div class="battle-history">Shredder used <strong>Iron Head</strong>!<br></div><div class="battle-history"><small>It's super effective!</small><br></div><div class="battle-history"><small>(The opposing Glimmora lost 75% of its health!)</small><br></div><div class="battle-history">[The opposing Glimmora's Toxic Debris]<br></div><div class="battle-history"><small>Poison spikes were scattered on the ground all around your team!</small><br></div><div class="spacer battle-history"><br></div><div class="battle-history">The opposing Glimmora fainted!<br></div><div class="battle-history"><small>Shredder lost some of its HP!</small><br></div><div class="chat"><small class="gray"> ryan700123 joined</small></div><div class="spacer battle-history"><br></div><div class="battle-history">Contranaut sent out Rue Bear (<strong>Zygarde-10%</strong>)!<br></div><div class="battle-history">[The opposing Rue Bear's Aura Break]<br><small>The opposing Rue Bear reversed all other Pokémon's auras!</small><br></div><div class="spacer battle-history"><br></div><h2 class="battle-history">Turn 10</h2><div class="chat"><small class="gray"> daotxtoad joined</small></div><div class="spacer battle-history"><br></div><div class="battle-history">Shredder, come back!<br></div><div class="battle-history">Go! Frostwing (<strong>Articuno</strong>)!<br></div><div class="battle-history">[Frostwing's Pressure]<br><small>Frostwing is exerting its pressure!</small><br></div><div class="spacer battle-history"><br></div><div class="battle-history">The opposing Rue Bear used <strong>Coil</strong>!<br></div><div class="battle-history"><small>The opposing Rue Bear's Attack rose!</small><br></div><div class="battle-history"><small>The opposing Rue Bear's Defense rose!</small><br></div><div class="battle-history"><small>The opposing Rue Bear's accuracy rose!</small><br></div><div class="spacer battle-history"><br></div><h2 class="battle-history">Turn 11</h2><div class="chat"><small class="gray"> Crown Oji joined</small></div><div class="spacer battle-history"><br></div><div class="battle-history">The opposing Rue Bear used <strong>Thousand Arrows</strong>!<br></div><div class="battle-history"><small>(Frostwing lost 50% of its health!)</small><br></div><div class="battle-history"><small>Frostwing fell straight down!</small><br></div><div class="spacer battle-history"><br></div><div class="battle-history">Frostwing used <strong>Light Screen</strong>!<br></div><div class="battle-history"><small>Light Screen made your team stronger against special moves!</small><br></div><div class="spacer battle-history"><br></div><h2 class="battle-history">Turn 12</h2><div class="spacer battle-history"><br></div><div class="battle-history">The opposing Rue Bear used <strong>Thousand Arrows</strong>!<br></div><div class="battle-history"><small>(Frostwing lost 50% of its health!)</small><br></div><div class="spacer battle-history"><br></div><div class="battle-history">Frostwing fainted!<br></div><div class="spacer battle-history"><br></div><div class="battle-history">Go! Luffy (<strong>Infernape</strong>)!<br></div><div class="battle-history"><small>Luffy was poisoned!</small><br></div><div class="spacer battle-history"><br></div><h2 class="battle-history">Turn 13</h2><div class="spacer battle-history"><br></div><div class="battle-history">The opposing Rue Bear used <strong>Thousand Arrows</strong>!<br></div><div class="battle-history"><small>It's super effective!</small><br></div><div class="battle-history"><small>Luffy hung on using its Focus Sash!</small><br></div><div class="battle-history"><small>(Luffy lost 99% of its health!)</small><br></div><div class="spacer battle-history"><br></div><div class="battle-history">Luffy used <strong>Counter</strong>!<br></div><div class="battle-history"><small>(The opposing Rue Bear lost 100% of its health!)</small><br></div><div class="spacer battle-history"><br></div><div class="battle-history">The opposing Rue Bear fainted!<br></div><div class="spacer battle-history"><br></div><div class="battle-history"><small>Luffy was hurt by poison!</small><br></div><div class="spacer battle-history"><br></div><div class="battle-history">Luffy fainted!<br></div><div class="chat chatmessage-contranaut"><strong style="color:#237f9e"><span class="username"><small class="groupsymbol">☆</small>Contranaut</span>:</strong> <em>nice</em></div><div class="chat chatmessage-doctashock"><strong style="color:#15a4c7"><span class="username"><small class="groupsymbol">☆</small>Doctashock</span>:</strong> <em>if only there was no spikes</em></div><div class="chat chatmessage-doctashock"><strong style="color:#15a4c7"><span class="username"><small class="groupsymbol">☆</small>Doctashock</span>:</strong> <em>rude</em></div><div class="chat chatmessage-doctashock"><strong style="color:#15a4c7"><span class="username"><small class="groupsymbol">☆</small>Doctashock</span>:</strong> <em>:&lt;</em></div><div class="chat"><small class="gray"> daotxtoad and  imred65 left</small></div><div class="spacer battle-history"><br></div><div class="battle-history">Contranaut sent out Carolina (<strong>Jirachi</strong>)!<br></div><div class="spacer battle-history"><br></div><div class="battle-history">Go! Shredder (<strong>Bisharp</strong>)!<br></div><div class="spacer battle-history"><br></div><h2 class="battle-history">Turn 14</h2><div class="spacer battle-history"><br></div><div class="battle-history">Contranaut withdrew Carolina!<br></div><div class="battle-history">Contranaut sent out Rotom (<strong>Rotom-Heat</strong>)!<br></div><div class="spacer battle-history"><br></div><div class="battle-history">Shredder used <strong>Sucker Punch</strong>!<br></div><div class="battle-history"><small>But it failed!</small><br></div><div class="spacer battle-history"><br></div><h2 class="battle-history">Turn 15</h2><div class="spacer battle-history"><br></div><div class="battle-history">Shredder used <strong>Sucker Punch</strong>!<br></div><div class="battle-history"><small>(The opposing Rotom lost 44% of its health!)</small><br></div><div class="battle-history"><small>Shredder lost some of its HP!</small><br></div><div class="spacer battle-history"><br></div><div class="battle-history">The opposing Rotom used <strong>Volt Switch</strong>!<br></div><div class="battle-history"><small>(Shredder lost 22% of its health!)</small><br></div><div class="spacer battle-history"><br></div><div class="battle-history">The opposing Rotom went back to Contranaut!<br></div><div class="battle-history">Contranaut sent out <strong>Vaporeon</strong>!<br></div><div class="spacer battle-history"><br></div><h2 class="battle-history">Turn 16</h2><div class="chat"><small class="gray"></small></div><div class="spacer battle-history"><br></div><div class="battle-history">The opposing Vaporeon used <strong>Protect</strong>!<br></div><div class="battle-history"><small>The opposing Vaporeon protected itself!</small><br></div><div class="spacer battle-history"><br></div><div class="battle-history">Shredder used <strong>Knock Off</strong>!<br></div><div class="battle-history"><small>The opposing Vaporeon protected itself!</small><br></div><div class="spacer battle-history"><br></div><h2 class="battle-history">Turn 17</h2><div class="spacer battle-history"><br></div><div class="battle-history">Contranaut withdrew Vaporeon!<br></div><div class="battle-history">Contranaut sent out Rotom (<strong>Rotom-Heat</strong>)!<br></div><div class="spacer battle-history"><br></div><div class="battle-history">Shredder used <strong>Knock Off</strong>!<br></div><div class="battle-history"><small>(The opposing Rotom lost 56% of its health!)</small><br></div><div class="battle-history"><small>Shredder knocked off the opposing Rotom's Heavy-Duty Boots!</small><br></div><div class="spacer battle-history"><br></div><div class="battle-history">The opposing Rotom fainted!<br></div><div class="battle-history"><small>Shredder lost some of its HP!</small><br></div><div class="spacer battle-history"><br></div><div class="battle-history">Shredder fainted!<br></div><div class="spacer battle-history"><br></div><div class="battle-history">Go! Dr Turtle (<strong>Blastoise</strong>)!<br></div><div class="spacer battle-history"><br></div><div class="battle-history">Contranaut sent out Carolina (<strong>Jirachi</strong>)!<br></div><div class="battle-history"><small>Dr Turtle was poisoned!</small><br></div><div class="spacer battle-history"><br></div><h2 class="battle-history">Turn 18</h2><div class="spacer battle-history"><br></div><div class="battle-history">Dr Turtle used <strong>Shell Smash</strong>!<br></div><div class="battle-history"><small>Dr Turtle's Defense fell!</small><br></div><div class="battle-history"><small>Dr Turtle's Sp. Def fell!</small><br></div><div class="battle-history"><small>Dr Turtle's Attack rose sharply!</small><br></div><div class="battle-history"><small>Dr Turtle's Sp. Atk rose sharply!</small><br></div><div class="battle-history"><small>Dr Turtle's Speed rose sharply!</small><br></div><div class="battle-history"><small>Dr Turtle returned its stats to normal using its White Herb!</small><br></div><div class="spacer battle-history"><br></div><div class="battle-history">The opposing Carolina used <strong>Calm Mind</strong>!<br></div><div class="battle-history"><small>The opposing Carolina's Sp. Atk rose!</small><br></div><div class="battle-history"><small>The opposing Carolina's Sp. Def rose!</small><br></div><div class="spacer battle-history"><br></div><div class="battle-history"><small>Dr Turtle was hurt by poison!</small><br></div><div class="battle-history"><small>Your team's Light Screen wore off!</small><br></div><div class="spacer battle-history"><br></div><h2 class="battle-history">Turn 19</h2><div class="spacer battle-history"><br></div><div class="battle-history">Dr Turtle used <strong>Yawn</strong>!<br></div><div class="battle-history"><small>The opposing Carolina grew drowsy!</small><br></div><div class="spacer battle-history"><br></div><div class="battle-history">The opposing Carolina used <strong>Psychic</strong>!<br></div><div class="battle-history"><small>(Dr Turtle lost 67% of its health!)</small><br></div><div class="spacer battle-history"><br></div><div class="battle-history"><small>Dr Turtle was hurt by poison!</small><br></div><div class="spacer battle-history"><br></div><h2 class="battle-history">Turn 20</h2><div class="chat chatmessage-doctashock"><strong style="color:#15a4c7"><span class="username"><small class="groupsymbol">☆</small>Doctashock</span>:</strong> <em>ggs</em></div><div class="chat chatmessage-contranaut"><strong style="color:#237f9e"><span class="username"><small class="groupsymbol">☆</small>Contranaut</span>:</strong> <em>ggs</em></div><div class="spacer battle-history"><br></div><div class="battle-history">Contranaut withdrew Carolina!<br></div><div class="battle-history">Contranaut sent out <strong>Vaporeon</strong>!<br></div><div class="spacer battle-history"><br></div><div class="battle-history"><small>Dr Turtle has Terastallized into the Electric-type!</small><br></div><div class="spacer battle-history"><br></div><div class="battle-history">Dr Turtle used <strong>Surf</strong>!<br></div><div class="battle-history">[The opposing Vaporeon's Water Absorb]<br><small>It doesn't affect the opposing Vaporeon...</small><br></div><div class="spacer battle-history"><br></div><div class="battle-history"><small>Dr Turtle was hurt by poison!</small><br></div><div class="spacer battle-history"><br></div><div class="battle-history">Dr Turtle fainted!<br></div><div class="spacer battle-history"><br></div><div class="battle-history"><strong>Contranaut</strong> won the battle!<br></div><div class="chat chatmessage-contranaut"><strong style="color:#237f9e"><span class="username"><small class="groupsymbol">☆</small>Contranaut</span>:</strong> <em>that was sticky</em></div><div class="chat chatmessage-tomkeap"><strong style="color:#416faf"><span class="username"><small class="groupsymbol"> </small>tomkeap</span>:</strong> <em>gg</em></div><div class="chat"><small class="gray"> tomkeap,  Crown Oji, and  ksch left</small></div><div class="chat chatmessage-contranaut"><strong style="color:#237f9e"><span class="username"><small class="groupsymbol">☆</small>Contranaut</span>:</strong> <em>I was like so confused with the light screen and infernape</em></div><div class="chat"><small class="gray"> daotxtoad joined</small></div><div class="chat chatmessage-contranaut"><strong style="color:#237f9e"><span class="username"><small class="groupsymbol">☆</small>Contranaut</span>:</strong> <em>but makes a lot of sense</em></div><div class="chat chatmessage-contranaut"><strong style="color:#237f9e"><span class="username"><small class="groupsymbol">☆</small>Contranaut</span>:</strong> <em>good prep</em></div><div class="chat chatmessage-doctashock"><strong style="color:#15a4c7"><span class="username"><small class="groupsymbol">☆</small>Doctashock</span>:</strong> <em>ty ty</em></div><div class="chat chatmessage-doctashock"><strong style="color:#15a4c7"><span class="username"><small class="groupsymbol">☆</small>Doctashock</span>:</strong> <em>gl !</em></div><div class="chat chatmessage-doctashock"><strong style="color:#15a4c7"><span class="username"><small class="groupsymbol">☆</small>Doctashock</span>:</strong> <em>with the rest of da season</em></div><div class="chat chatmessage-contranaut"><strong style="color:#237f9e"><span class="username"><small class="groupsymbol">☆</small>Contranaut</span>:</strong> <em>u2</em></div></div><div class="inner-preempt message-log"></div></div></div>
</div>
<script>
let daily = Math.floor(Date.now()/1000/60/60/24);document.write('<script src="https://play.pokemonshowdown.com/js/replay-embed.js?version'+daily+'"></'+'script>');
</script>
