<!DOCTYPE html>
<meta charset="utf-8" />
<!-- version 1 -->
<title>[Gen 9] NatDex Draft replay: ryan700123 vs. Ultair</title>
<style>
html,body {font-family:Verdana, sans-serif;font-size:10pt;margin:0;padding:0;}body{padding:12px 0;} .battle-log {font-family:Verdana, sans-serif;font-size:10pt;} .battle-log-inline {border:1px solid #AAAAAA;background:#EEF2F5;color:black;max-width:640px;margin:0 auto 80px;padding-bottom:5px;} .battle-log .inner {padding:4px 8px 0px 8px;} .battle-log .inner-preempt {padding:0 8px 4px 8px;} .battle-log .inner-after {margin-top:0.5em;} .battle-log h2 {margin:0.5em -8px;padding:4px 8px;border:1px solid #AAAAAA;background:#E0E7EA;border-left:0;border-right:0;font-family:Verdana, sans-serif;font-size:13pt;} .battle-log .chat {vertical-align:middle;padding:3px 0 3px 0;font-size:8pt;} .battle-log .chat strong {color:#40576A;} .battle-log .chat em {padding:1px 4px 1px 3px;color:#000000;font-style:normal;} .chat.mine {background:rgba(0,0,0,0.05);margin-left:-8px;margin-right:-8px;padding-left:8px;padding-right:8px;} .spoiler {color:#BBBBBB;background:#BBBBBB;padding:0px 3px;} .spoiler:hover, .spoiler:active, .spoiler-shown {color:#000000;background:#E2E2E2;padding:0px 3px;} .spoiler a {color:#BBBBBB;} .spoiler:hover a, .spoiler:active a, .spoiler-shown a {color:#2288CC;} .chat code, .chat .spoiler:hover code, .chat .spoiler:active code, .chat .spoiler-shown code {border:1px solid #C0C0C0;background:#EEEEEE;color:black;padding:0 2px;} .chat .spoiler code {border:1px solid #CCCCCC;background:#CCCCCC;color:#CCCCCC;} .battle-log .rated {padding:3px 4px;} .battle-log .rated strong {color:white;background:#89A;padding:1px 4px;border-radius:4px;} .spacer {margin-top:0.5em;} .message-announce {background:#6688AA;color:white;padding:1px 4px 2px;} .message-announce a, .broadcast-green a, .broadcast-blue a, .broadcast-red a {color:#DDEEFF;} .broadcast-green {background-color:#559955;color:white;padding:2px 4px;} .broadcast-blue {background-color:#6688AA;color:white;padding:2px 4px;} .infobox {border:1px solid #6688AA;padding:2px 4px;} .infobox-limited {max-height:200px;overflow:auto;overflow-x:hidden;} .broadcast-red {background-color:#AA5544;color:white;padding:2px 4px;} .message-learn-canlearn {font-weight:bold;color:#228822;text-decoration:underline;} .message-learn-cannotlearn {font-weight:bold;color:#CC2222;text-decoration:underline;} .message-effect-weak {font-weight:bold;color:#CC2222;} .message-effect-resist {font-weight:bold;color:#6688AA;} .message-effect-immune {font-weight:bold;color:#666666;} .message-learn-list {margin-top:0;margin-bottom:0;} .message-throttle-notice, .message-error {color:#992222;} .message-overflow, .chat small.message-overflow {font-size:0pt;} .message-overflow::before {font-size:9pt;content:'...';} .subtle {color:#3A4A66;}
</style>
<div class="wrapper replay-wrapper" style="max-width:1180px;margin:0 auto">
<input type="hidden" name="replayid" value="gen9natdexdraft-2625331037" />
<div class="battle"></div><div class="battle-log"></div><div class="replay-controls"></div><div class="replay-controls-2"></div>
<h1 style="font-weight:normal;text-align:center"><strong>[Gen 9] NatDex Draft</strong><br /><a href="http://pokemonshowdown.com/users/ryan700123" class="subtle" target="_blank">ryan700123</a> vs. <a href="http://pokemonshowdown.com/users/ultair" class="subtle" target="_blank">Ultair</a></h1>
<script type="text/plain" class="battle-log-data">
|j|☆ryan700123
|j|☆Ultair
|t:|1780625979
|gametype|singles
|player|p1|ryan700123|bugcatcher-gen4dp|
|player|p2|Ultair|102|
|gen|9
|tier|[Gen 9] NatDex Draft
|rule|Tera Type Preview: Tera Types are shown at Team Preview
|rule|Sleep Clause Mod: Limit one foe put to sleep
|rule|OHKO Clause: OHKO moves are banned
|rule|Evasion Clause: Evasion abilities, items, and moves are banned
|rule|Evasion Abilities Clause: Evasion abilities are banned
|rule|Evasion Items Clause: Evasion items are banned
|rule|Evasion Moves Clause: Evasion moves are banned
|rule|Endless Battle Clause: Forcing endless battles is banned
|rule|HP Percentage Mod: HP is shown in percentages
|raw|<div class="infobox"><details class="readmore" open><summary><strong>1 custom rule:<\/strong><\/summary> Tera Type Preview<\/details><\/div>
|clearpoke
|poke|p1|Mamoswine, M|
|poke|p1|Ribombee, F|
|poke|p1|Gyarados, M|
|poke|p1|Sliggoo-Hisui, F|
|poke|p1|Vileplume, M|
|poke|p1|Mandibuzz, F|
|poke|p2|Thundurus-Therian, M|
|poke|p2|Shaymin|
|poke|p2|Weezing, F|
|poke|p2|Starmie|
|poke|p2|Diancie|
|poke|p2|Lucario, M|
|raw|ryan700123's Tera Types:<br \/><psicon pokemon="mamoswine" \/><psicon type="Ice" \/> \/ <psicon pokemon="ribombee" \/><psicon type="Bug" \/> \/ <psicon pokemon="gyarados" \/><psicon type="Ground" \/> \/ <psicon pokemon="sliggoohisui" \/><psicon type="Ground" \/> \/ <psicon pokemon="vileplume" \/><psicon type="Steel" \/> \/ <psicon pokemon="mandibuzz" \/><psicon type="Dark" \/>
|raw|Ultair's Tera Types:<br \/><psicon pokemon="thundurustherian" \/><psicon type="Water" \/> \/ <psicon pokemon="shaymin" \/><psicon type="Poison" \/> \/ <psicon pokemon="weezing" \/><psicon type="Rock" \/> \/ <psicon pokemon="starmie" \/><psicon type="Psychic" \/> \/ <psicon pokemon="diancie" \/><psicon type="Rock" \/> \/ <psicon pokemon="lucario" \/><psicon type="Water" \/>
|teampreview
|j| Doctashock
|j| ksch
|c| Doctashock|surprise
|j| Bunnnies
|j| Conundromic
|j| phantom0rion
|j| serendipidu
|c|☆ryan700123|thursday night jumpscare battle
|c|☆Ultair|!servertime
|c| Ultair|\/raw <div class="infobox">Server time: <b>6\/5\/2026, 2:23:01 AM<\/b><\/div>
|
|t:|1780626203
|teamsize|p1|6
|teamsize|p2|6
|start
|switch|p1a: Mamoswine|Mamoswine, M|100\/100
|switch|p2a: Lucario|Lucario, M|100\/100
|turn|1
|
|t:|1780626273
|-terastallize|p2a: Lucario|Water
|move|p2a: Lucario|Close Combat|p1a: Mamoswine
|-supereffective|p1a: Mamoswine
|-enditem|p1a: Mamoswine|Focus Sash
|-damage|p1a: Mamoswine|1\/100
|-unboost|p2a: Lucario|def|1
|-unboost|p2a: Lucario|spd|1
|move|p1a: Mamoswine|Earthquake|p2a: Lucario
|-damage|p2a: Lucario|0 fnt
|faint|p2a: Lucario
|
|upkeep
|
|t:|1780626283
|switch|p2a: Starmie|Starmie|100\/100
|turn|2
|
|t:|1780626331
|move|p1a: Mamoswine|Ice Shard|p2a: Starmie
|-resisted|p2a: Starmie
|-damage|p2a: Starmie|85\/100
|move|p2a: Starmie|Surf|p1a: Mamoswine
|-supereffective|p1a: Mamoswine
|-damage|p1a: Mamoswine|0 fnt
|faint|p1a: Mamoswine
|
|upkeep
|
|t:|1780626372
|switch|p1a: Ribombee|Ribombee, F|100\/100
|turn|3
|
|t:|1780626399
|switch|p2a: Diancie|Diancie|100\/100
|move|p1a: Ribombee|Bug Buzz|p2a: Diancie
|-resisted|p2a: Diancie
|-damage|p2a: Diancie|90\/100
|
|-heal|p2a: Diancie|96\/100|[from] item: Leftovers
|upkeep
|turn|4
|
|t:|1780626408
|move|p1a: Ribombee|U-turn|p2a: Diancie
|-resisted|p2a: Diancie
|-damage|p2a: Diancie|91\/100
|
|t:|1780626410
|switch|p1a: Sliggoo|Sliggoo-Hisui, F|100\/100|[from] U-turn
|move|p2a: Diancie|Stealth Rock|p1a: Sliggoo
|-sidestart|p1: ryan700123|move: Stealth Rock
|
|-heal|p2a: Diancie|97\/100|[from] item: Leftovers
|upkeep
|turn|5
|
|t:|1780626423
|switch|p2a: Weezing|Weezing, F|100\/100
|move|p1a: Sliggoo|Flash Cannon|p2a: Weezing
|-crit|p2a: Weezing
|-damage|p2a: Weezing|55\/100
|-unboost|p2a: Weezing|spd|1
|
|-heal|p2a: Weezing|61\/100|[from] item: Black Sludge
|upkeep
|turn|6
|
|t:|1780626467
|switch|p2a: Shaymin|Shaymin|100\/100
|move|p1a: Sliggoo|Flash Cannon|p2a: Shaymin
|-crit|p2a: Shaymin
|-damage|p2a: Shaymin|71\/100
|
|-heal|p2a: Shaymin|77\/100|[from] item: Leftovers
|upkeep
|turn|7
|
|t:|1780626479
|move|p2a: Shaymin|Leech Seed|p1a: Sliggoo
|-ability|p1a: Sliggoo|Sap Sipper|boost
|-boost|p1a: Sliggoo|atk|1
|move|p1a: Sliggoo|Ice Beam|p2a: Shaymin
|-supereffective|p2a: Shaymin
|-damage|p2a: Shaymin|47\/100
|
|-heal|p2a: Shaymin|53\/100|[from] item: Leftovers
|upkeep
|turn|8
|
|t:|1780626491
|move|p2a: Shaymin|Synthesis|p2a: Shaymin
|-heal|p2a: Shaymin|100\/100
|move|p1a: Sliggoo|Ice Beam|p2a: Shaymin
|-supereffective|p2a: Shaymin
|-damage|p2a: Shaymin|72\/100
|-status|p2a: Shaymin|frz
|
|-heal|p2a: Shaymin|78\/100 frz|[from] item: Leftovers
|upkeep
|turn|9
|
|t:|1780626501
|cant|p2a: Shaymin|frz
|move|p1a: Sliggoo|Ice Beam|p2a: Shaymin
|-supereffective|p2a: Shaymin
|-damage|p2a: Shaymin|48\/100 frz
|
|-heal|p2a: Shaymin|54\/100 frz|[from] item: Leftovers
|upkeep
|turn|10
|
|t:|1780626507
|-curestatus|p2a: Shaymin|frz|[msg]
|move|p2a: Shaymin|Synthesis|p2a: Shaymin
|-heal|p2a: Shaymin|100\/100
|move|p1a: Sliggoo|Ice Beam|p2a: Shaymin
|-supereffective|p2a: Shaymin
|-damage|p2a: Shaymin|70\/100
|
|-heal|p2a: Shaymin|76\/100|[from] item: Leftovers
|upkeep
|turn|11
|
|t:|1780626514
|move|p2a: Shaymin|Earth Power|p1a: Sliggoo
|-supereffective|p1a: Sliggoo
|-damage|p1a: Sliggoo|80\/100
|move|p1a: Sliggoo|Flash Cannon|p2a: Shaymin
|-crit|p2a: Shaymin
|-damage|p2a: Shaymin|47\/100
|
|-heal|p2a: Shaymin|53\/100|[from] item: Leftovers
|upkeep
|turn|12
|
|t:|1780626524
|move|p2a: Shaymin|Earth Power|p1a: Sliggoo
|-supereffective|p1a: Sliggoo
|-damage|p1a: Sliggoo|58\/100
|move|p1a: Sliggoo|Flash Cannon|p2a: Shaymin
|-damage|p2a: Shaymin|33\/100
|
|-heal|p2a: Shaymin|39\/100|[from] item: Leftovers
|upkeep
|turn|13
|
|t:|1780626538
|move|p2a: Shaymin|Synthesis|p2a: Shaymin
|-heal|p2a: Shaymin|89\/100
|move|p1a: Sliggoo|Ice Beam|p2a: Shaymin
|-supereffective|p2a: Shaymin
|-crit|p2a: Shaymin
|-damage|p2a: Shaymin|47\/100
|
|-heal|p2a: Shaymin|53\/100|[from] item: Leftovers
|upkeep
|turn|14
|j| Ocarina919
|c|☆ryan700123|anointed by god
|c|☆Ultair|pls
|
|t:|1780626563
|move|p2a: Shaymin|Earth Power|p1a: Sliggoo
|-supereffective|p1a: Sliggoo
|-damage|p1a: Sliggoo|37\/100
|move|p1a: Sliggoo|Rest|p1a: Sliggoo
|-status|p1a: Sliggoo|slp|[from] move: Rest
|-heal|p1a: Sliggoo|100\/100 slp|[silent]
|
|-heal|p2a: Shaymin|59\/100|[from] item: Leftovers
|upkeep
|turn|15
|
|t:|1780626568
|move|p2a: Shaymin|Earth Power|p1a: Sliggoo
|-supereffective|p1a: Sliggoo
|-damage|p1a: Sliggoo|82\/100 slp
|cant|p1a: Sliggoo|slp
|move|p1a: Sliggoo|Sleep Talk|p1a: Sliggoo
|move|p1a: Sliggoo|Flash Cannon|p2a: Shaymin|[from] move: Sleep Talk
|-damage|p2a: Shaymin|40\/100
|
|-heal|p2a: Shaymin|46\/100|[from] item: Leftovers
|upkeep
|turn|16
|c| Bunnnies|it's only appropriate for the thing that turns into shaymin sky
|j| foodss
|
|t:|1780626582
|move|p2a: Shaymin|Earth Power|p1a: Sliggoo
|-supereffective|p1a: Sliggoo
|-damage|p1a: Sliggoo|60\/100 slp
|cant|p1a: Sliggoo|slp
|move|p1a: Sliggoo|Sleep Talk|p1a: Sliggoo
|move|p1a: Sliggoo|Flash Cannon|p2a: Shaymin|[from] move: Sleep Talk
|-damage|p2a: Shaymin|25\/100
|
|-heal|p2a: Shaymin|32\/100|[from] item: Leftovers
|upkeep
|turn|17
|
|t:|1780626595
|move|p2a: Shaymin|Synthesis|p2a: Shaymin
|-heal|p2a: Shaymin|81\/100
|-curestatus|p1a: Sliggoo|slp|[msg]
|move|p1a: Sliggoo|Ice Beam|p2a: Shaymin
|-supereffective|p2a: Shaymin
|-damage|p2a: Shaymin|49\/100
|
|-heal|p2a: Shaymin|55\/100|[from] item: Leftovers
|upkeep
|turn|18
|
|t:|1780626610
|move|p2a: Shaymin|Earth Power|p1a: Sliggoo
|-supereffective|p1a: Sliggoo
|-damage|p1a: Sliggoo|40\/100
|-unboost|p1a: Sliggoo|spd|1
|move|p1a: Sliggoo|Rest|p1a: Sliggoo
|-status|p1a: Sliggoo|slp|[from] move: Rest
|-heal|p1a: Sliggoo|100\/100 slp|[silent]
|
|-heal|p2a: Shaymin|61\/100|[from] item: Leftovers
|upkeep
|turn|19
|
|t:|1780626623
|move|p2a: Shaymin|Earth Power|p1a: Sliggoo
|-supereffective|p1a: Sliggoo
|-damage|p1a: Sliggoo|70\/100 slp
|cant|p1a: Sliggoo|slp
|move|p1a: Sliggoo|Sleep Talk|p1a: Sliggoo
|move|p1a: Sliggoo|Flash Cannon|p2a: Shaymin|[from] move: Sleep Talk
|-damage|p2a: Shaymin|42\/100
|
|-heal|p2a: Shaymin|48\/100|[from] item: Leftovers
|upkeep
|turn|20
|
|t:|1780626634
|move|p2a: Shaymin|Earth Power|p1a: Sliggoo
|-supereffective|p1a: Sliggoo
|-damage|p1a: Sliggoo|38\/100 slp
|cant|p1a: Sliggoo|slp
|move|p1a: Sliggoo|Sleep Talk|p1a: Sliggoo
|move|p1a: Sliggoo|Rest||[from] move: Sleep Talk|[still]
|-fail|p1a: Sliggoo
|
|-heal|p2a: Shaymin|55\/100|[from] item: Leftovers
|upkeep
|turn|21
|
|t:|1780626647
|move|p2a: Shaymin|Earth Power|p1a: Sliggoo
|-supereffective|p1a: Sliggoo
|-damage|p1a: Sliggoo|10\/100 slp
|-curestatus|p1a: Sliggoo|slp|[msg]
|move|p1a: Sliggoo|Rest|p1a: Sliggoo
|-status|p1a: Sliggoo|slp|[from] move: Rest
|-heal|p1a: Sliggoo|100\/100 slp|[silent]
|
|-heal|p2a: Shaymin|61\/100|[from] item: Leftovers
|upkeep
|turn|22
|
|t:|1780626655
|switch|p1a: Vileplume|Vileplume, M|100\/100
|-damage|p1a: Vileplume|88\/100|[from] Stealth Rock
|move|p2a: Shaymin|Earth Power|p1a: Vileplume
|-damage|p1a: Vileplume|66\/100
|-unboost|p1a: Vileplume|spd|1
|
|-heal|p2a: Shaymin|67\/100|[from] item: Leftovers
|upkeep
|turn|23
|j| Crown Oji
|
|t:|1780626687
|switch|p2a: Weezing|Weezing, F|61\/100
|move|p1a: Vileplume|Sludge Bomb|p2a: Weezing
|-resisted|p2a: Weezing
|-damage|p2a: Weezing|40\/100
|
|-heal|p2a: Weezing|46\/100|[from] item: Black Sludge
|upkeep
|turn|24
|
|t:|1780626702
|switch|p1a: Sliggoo|Sliggoo-Hisui, F|100\/100 slp
|-damage|p1a: Sliggoo|95\/100 slp|[from] Stealth Rock
|move|p2a: Weezing|Pain Split|p1a: Sliggoo
|-sethp|p1a: Sliggoo|71\/100 slp|[from] move: Pain Split|[silent]
|-sethp|p2a: Weezing|68\/100|[from] move: Pain Split
|
|-heal|p2a: Weezing|74\/100|[from] item: Black Sludge
|upkeep
|turn|25
|
|t:|1780626708
|move|p2a: Weezing|Taunt|p1a: Sliggoo
|-start|p1a: Sliggoo|move: Taunt
|cant|p1a: Sliggoo|slp
|cant|p1a: Sliggoo|move: Taunt|Sleep Talk
|
|-heal|p2a: Weezing|80\/100|[from] item: Black Sludge
|upkeep
|turn|26
|
|t:|1780626735
|move|p2a: Weezing|Thunderbolt|p1a: Sliggoo
|-resisted|p1a: Sliggoo
|-damage|p1a: Sliggoo|67\/100 slp
|cant|p1a: Sliggoo|slp
|
|-heal|p2a: Weezing|86\/100|[from] item: Black Sludge
|upkeep
|turn|27
|
|t:|1780626751
|move|p2a: Weezing|Thunderbolt|p1a: Sliggoo
|-resisted|p1a: Sliggoo
|-damage|p1a: Sliggoo|63\/100 slp
|-curestatus|p1a: Sliggoo|slp|[msg]
|move|p1a: Sliggoo|Flash Cannon|p2a: Weezing
|-damage|p2a: Weezing|52\/100
|
|-heal|p2a: Weezing|58\/100|[from] item: Black Sludge
|-end|p1a: Sliggoo|move: Taunt
|upkeep
|turn|28
|
|t:|1780626773
|move|p2a: Weezing|Taunt|p1a: Sliggoo
|-start|p1a: Sliggoo|move: Taunt
|move|p1a: Sliggoo|Flash Cannon|p2a: Weezing
|-damage|p2a: Weezing|25\/100
|
|-heal|p2a: Weezing|31\/100|[from] item: Black Sludge
|upkeep
|turn|29
|
|t:|1780626784
|move|p2a: Weezing|Pain Split|p1a: Sliggoo
|-sethp|p1a: Sliggoo|48\/100|[from] move: Pain Split|[silent]
|-sethp|p2a: Weezing|46\/100|[from] move: Pain Split
|move|p1a: Sliggoo|Flash Cannon|p2a: Weezing
|-damage|p2a: Weezing|10\/100
|
|-heal|p2a: Weezing|16\/100|[from] item: Black Sludge
|upkeep
|turn|30
|
|t:|1780626794
|switch|p2a: Shaymin|Shaymin|67\/100
|move|p1a: Sliggoo|Flash Cannon|p2a: Shaymin
|-damage|p2a: Shaymin|47\/100
|
|-heal|p2a: Shaymin|53\/100|[from] item: Leftovers
|-end|p1a: Sliggoo|move: Taunt
|upkeep
|turn|31
|
|t:|1780626817
|move|p2a: Shaymin|Earth Power|p1a: Sliggoo
|-supereffective|p1a: Sliggoo
|-damage|p1a: Sliggoo|27\/100
|-unboost|p1a: Sliggoo|spd|1
|move|p1a: Sliggoo|Rest|p1a: Sliggoo
|-status|p1a: Sliggoo|slp|[from] move: Rest
|-heal|p1a: Sliggoo|100\/100 slp|[silent]
|
|-heal|p2a: Shaymin|59\/100|[from] item: Leftovers
|upkeep
|turn|32
|
|t:|1780626826
|switch|p1a: Vileplume|Vileplume, M|66\/100
|-damage|p1a: Vileplume|54\/100|[from] Stealth Rock
|move|p2a: Shaymin|Earth Power|p1a: Vileplume
|-damage|p1a: Vileplume|31\/100
|
|-heal|p2a: Shaymin|66\/100|[from] item: Leftovers
|upkeep
|turn|33
|
|t:|1780626862
|switch|p2a: Starmie|Starmie|85\/100
|move|p1a: Vileplume|Sludge Bomb|p2a: Starmie
|-damage|p2a: Starmie|35\/100
|
|upkeep
|turn|34
|
|t:|1780626871
|switch|p1a: Sliggoo|Sliggoo-Hisui, F|100\/100 slp
|-damage|p1a: Sliggoo|95\/100 slp|[from] Stealth Rock
|move|p2a: Starmie|Psyshock|p1a: Sliggoo
|-resisted|p1a: Sliggoo
|-damage|p1a: Sliggoo|75\/100 slp
|
|upkeep
|turn|35
|
|t:|1780626886
|move|p2a: Starmie|Psyshock|p1a: Sliggoo
|-resisted|p1a: Sliggoo
|-damage|p1a: Sliggoo|60\/100 slp
|cant|p1a: Sliggoo|slp
|move|p1a: Sliggoo|Sleep Talk|p1a: Sliggoo
|move|p1a: Sliggoo|Rest||[from] move: Sleep Talk|[still]
|-fail|p1a: Sliggoo
|
|upkeep
|turn|36
|
|t:|1780626905
|switch|p2a: Thundurus|Thundurus-Therian, M|100\/100
|cant|p1a: Sliggoo|slp
|move|p1a: Sliggoo|Sleep Talk|p1a: Sliggoo
|move|p1a: Sliggoo|Rest||[from] move: Sleep Talk|[still]
|-fail|p1a: Sliggoo
|
|upkeep
|turn|37
|
|t:|1780626918
|move|p2a: Thundurus|U-turn|p1a: Sliggoo
|-resisted|p1a: Sliggoo
|-damage|p1a: Sliggoo|54\/100 slp
|
|t:|1780626926
|switch|p2a: Weezing|Weezing, F|16\/100|[from] U-turn
|-curestatus|p1a: Sliggoo|slp|[msg]
|move|p1a: Sliggoo|Rest|p1a: Sliggoo
|-status|p1a: Sliggoo|slp|[from] move: Rest
|-heal|p1a: Sliggoo|100\/100 slp|[silent]
|
|-heal|p2a: Weezing|22\/100|[from] item: Black Sludge
|upkeep
|turn|38
|
|t:|1780626939
|move|p2a: Weezing|Taunt|p1a: Sliggoo
|-start|p1a: Sliggoo|move: Taunt
|cant|p1a: Sliggoo|slp
|cant|p1a: Sliggoo|move: Taunt|Sleep Talk
|
|-heal|p2a: Weezing|28\/100|[from] item: Black Sludge
|upkeep
|turn|39
|
|t:|1780626943
|move|p2a: Weezing|Pain Split|p1a: Sliggoo
|-sethp|p1a: Sliggoo|65\/100 slp|[from] move: Pain Split|[silent]
|-sethp|p2a: Weezing|62\/100|[from] move: Pain Split
|cant|p1a: Sliggoo|slp
|
|-heal|p2a: Weezing|68\/100|[from] item: Black Sludge
|upkeep
|turn|40
|
|t:|1780626950
|move|p2a: Weezing|Thunderbolt|p1a: Sliggoo
|-resisted|p1a: Sliggoo
|-damage|p1a: Sliggoo|61\/100 slp
|-curestatus|p1a: Sliggoo|slp|[msg]
|move|p1a: Sliggoo|Flash Cannon|p2a: Weezing
|-damage|p2a: Weezing|37\/100
|
|-heal|p2a: Weezing|43\/100|[from] item: Black Sludge
|-end|p1a: Sliggoo|move: Taunt
|upkeep
|turn|41
|
|t:|1780626962
|move|p2a: Weezing|Pain Split|p1a: Sliggoo
|-sethp|p1a: Sliggoo|53\/100|[from] move: Pain Split|[silent]
|-sethp|p2a: Weezing|51\/100|[from] move: Pain Split
|move|p1a: Sliggoo|Ice Beam|p2a: Weezing
|-damage|p2a: Weezing|28\/100
|
|-heal|p2a: Weezing|34\/100|[from] item: Black Sludge
|upkeep
|turn|42
|
|t:|1780626983
|switch|p2a: Shaymin|Shaymin|66\/100
|move|p1a: Sliggoo|Ice Beam|p2a: Shaymin
|-supereffective|p2a: Shaymin
|-damage|p2a: Shaymin|34\/100
|
|-heal|p2a: Shaymin|40\/100|[from] item: Leftovers
|upkeep
|turn|43
|
|t:|1780626991
|move|p2a: Shaymin|Synthesis|p2a: Shaymin
|-heal|p2a: Shaymin|90\/100
|move|p1a: Sliggoo|Ice Beam|p2a: Shaymin
|-supereffective|p2a: Shaymin
|-damage|p2a: Shaymin|60\/100
|
|-heal|p2a: Shaymin|66\/100|[from] item: Leftovers
|upkeep
|turn|44
|
|t:|1780627024
|move|p2a: Shaymin|Leech Seed|p1a: Sliggoo
|-ability|p1a: Sliggoo|Sap Sipper|boost
|-boost|p1a: Sliggoo|atk|1
|move|p1a: Sliggoo|Ice Beam|p2a: Shaymin
|-supereffective|p2a: Shaymin
|-damage|p2a: Shaymin|36\/100
|-status|p2a: Shaymin|frz
|
|-heal|p2a: Shaymin|43\/100 frz|[from] item: Leftovers
|upkeep
|turn|45
|
|t:|1780627033
|cant|p2a: Shaymin|frz
|move|p1a: Sliggoo|Ice Beam|p2a: Shaymin
|-supereffective|p2a: Shaymin
|-damage|p2a: Shaymin|12\/100 frz
|
|-heal|p2a: Shaymin|18\/100 frz|[from] item: Leftovers
|upkeep
|turn|46
|
|t:|1780627036
|cant|p2a: Shaymin|frz
|move|p1a: Sliggoo|Ice Beam|p2a: Shaymin
|-supereffective|p2a: Shaymin
|-damage|p2a: Shaymin|0 fnt
|faint|p2a: Shaymin
|
|upkeep
|
|t:|1780627055
|switch|p2a: Diancie|Diancie|97\/100
|turn|47
|
|t:|1780627061
|switch|p2a: Thundurus|Thundurus-Therian, M|100\/100
|move|p1a: Sliggoo|Flash Cannon|p2a: Thundurus
|-resisted|p2a: Thundurus
|-damage|p2a: Thundurus|84\/100
|
|upkeep
|turn|48
|
|t:|1780627073
|move|p2a: Thundurus|U-turn|p1a: Sliggoo
|-resisted|p1a: Sliggoo
|-damage|p1a: Sliggoo|47\/100
|
|t:|1780627078
|switch|p2a: Diancie|Diancie|97\/100|[from] U-turn
|move|p1a: Sliggoo|Ice Beam|p2a: Diancie
|-damage|p2a: Diancie|86\/100
|
|-heal|p2a: Diancie|92\/100|[from] item: Leftovers
|upkeep
|turn|49
|
|t:|1780627137
|switch|p2a: Weezing|Weezing, F|34\/100
|move|p1a: Sliggoo|Flash Cannon|p2a: Weezing
|-damage|p2a: Weezing|4\/100
|
|-heal|p2a: Weezing|10\/100|[from] item: Black Sludge
|upkeep
|turn|50
|
|t:|1780627144
|move|p2a: Weezing|Pain Split|p1a: Sliggoo
|-sethp|p1a: Sliggoo|29\/100|[from] move: Pain Split|[silent]
|-sethp|p2a: Weezing|28\/100|[from] move: Pain Split
|move|p1a: Sliggoo|Flash Cannon|p2a: Weezing
|-damage|p2a: Weezing|0 fnt
|faint|p2a: Weezing
|
|upkeep
|
|t:|1780627163
|switch|p2a: Diancie|Diancie|92\/100
|turn|51
|
|t:|1780627170
|move|p2a: Diancie|Moonblast|p1a: Sliggoo
|-damage|p1a: Sliggoo|14\/100
|move|p1a: Sliggoo|Rest|p1a: Sliggoo
|-status|p1a: Sliggoo|slp|[from] move: Rest
|-heal|p1a: Sliggoo|100\/100 slp|[silent]
|
|-heal|p2a: Diancie|98\/100|[from] item: Leftovers
|upkeep
|turn|52
|
|t:|1780627183
|move|p2a: Diancie|Moonblast|p1a: Sliggoo
|-damage|p1a: Sliggoo|86\/100 slp
|cant|p1a: Sliggoo|slp
|move|p1a: Sliggoo|Sleep Talk|p1a: Sliggoo
|move|p1a: Sliggoo|Flash Cannon|p2a: Diancie|[from] move: Sleep Talk
|-supereffective|p2a: Diancie
|-damage|p2a: Diancie|41\/100
|
|-heal|p2a: Diancie|47\/100|[from] item: Leftovers
|upkeep
|turn|53
|
|t:|1780627191
|move|p2a: Diancie|Moonblast|p1a: Sliggoo
|-damage|p1a: Sliggoo|69\/100 slp
|cant|p1a: Sliggoo|slp
|
|-heal|p2a: Diancie|53\/100|[from] item: Leftovers
|upkeep
|turn|54
|
|t:|1780627206
|move|p2a: Diancie|Baton Pass|p2a: Diancie
|
|t:|1780627208
|switch|p2a: Thundurus|Thundurus-Therian, M|84\/100|[from] Baton Pass
|-curestatus|p1a: Sliggoo|slp|[msg]
|move|p1a: Sliggoo|Flash Cannon|p2a: Thundurus
|-resisted|p2a: Thundurus
|-damage|p2a: Thundurus|69\/100
|
|upkeep
|turn|55
|
|t:|1780627225
|move|p2a: Thundurus|U-turn|p1a: Sliggoo
|-resisted|p1a: Sliggoo
|-damage|p1a: Sliggoo|63\/100
|
|t:|1780627227
|switch|p2a: Diancie|Diancie|53\/100|[from] U-turn
|move|p1a: Sliggoo|Ice Beam|p2a: Diancie
|-damage|p2a: Diancie|41\/100
|-status|p2a: Diancie|frz
|
|-heal|p2a: Diancie|47\/100 frz|[from] item: Leftovers
|upkeep
|turn|56
|
|t:|1780627236
|cant|p2a: Diancie|frz
|move|p1a: Sliggoo|Flash Cannon|p2a: Diancie
|-supereffective|p2a: Diancie
|-damage|p2a: Diancie|0 fnt
|faint|p2a: Diancie
|
|upkeep
|
|t:|1780627240
|switch|p2a: Starmie|Starmie|35\/100
|turn|57
|c|☆Ultair|gg
|
|t:|1780627248
|move|p2a: Starmie|Psyshock|p1a: Sliggoo
|-resisted|p1a: Sliggoo
|-damage|p1a: Sliggoo|49\/100
|move|p1a: Sliggoo|Flash Cannon|p2a: Starmie
|-resisted|p2a: Starmie
|-damage|p2a: Starmie|17\/100
|
|upkeep
|turn|58
|
|t:|1780627251
|move|p2a: Starmie|Psyshock|p1a: Sliggoo
|-resisted|p1a: Sliggoo
|-damage|p1a: Sliggoo|35\/100
|move|p1a: Sliggoo|Flash Cannon|p2a: Starmie
|-resisted|p2a: Starmie
|-damage|p2a: Starmie|0 fnt
|faint|p2a: Starmie
|
|upkeep
|
|t:|1780627254
|switch|p2a: Thundurus|Thundurus-Therian, M|69\/100
|turn|59
|
|t:|1780627255
|move|p2a: Thundurus|Thunderbolt|p1a: Sliggoo
|-resisted|p1a: Sliggoo
|-damage|p1a: Sliggoo|23\/100
|-status|p1a: Sliggoo|par
|move|p1a: Sliggoo|Rest|p1a: Sliggoo
|-status|p1a: Sliggoo|slp|[from] move: Rest
|-heal|p1a: Sliggoo|100\/100 slp|[silent]
|
|upkeep
|turn|60
|
|t:|1780627257
|move|p2a: Thundurus|Thunderbolt|p1a: Sliggoo
|-resisted|p1a: Sliggoo
|-damage|p1a: Sliggoo|88\/100 slp
|cant|p1a: Sliggoo|slp
|move|p1a: Sliggoo|Sleep Talk|p1a: Sliggoo
|move|p1a: Sliggoo|Flash Cannon|p2a: Thundurus|[from] move: Sleep Talk
|-resisted|p2a: Thundurus
|-damage|p2a: Thundurus|53\/100
|
|upkeep
|turn|61
|
|t:|1780627259
|move|p2a: Thundurus|Thunderbolt|p1a: Sliggoo
|-resisted|p1a: Sliggoo
|-damage|p1a: Sliggoo|76\/100 slp
|cant|p1a: Sliggoo|slp
|move|p1a: Sliggoo|Sleep Talk|p1a: Sliggoo
|move|p1a: Sliggoo|Ice Beam|p2a: Thundurus|[from] move: Sleep Talk
|-supereffective|p2a: Thundurus
|-damage|p2a: Thundurus|5\/100
|
|upkeep
|turn|62
|
|t:|1780627261
|move|p2a: Thundurus|Thunderbolt|p1a: Sliggoo
|-resisted|p1a: Sliggoo
|-damage|p1a: Sliggoo|64\/100 slp
|-curestatus|p1a: Sliggoo|slp|[msg]
|move|p1a: Sliggoo|Ice Beam|p2a: Thundurus
|-supereffective|p2a: Thundurus
|-damage|p2a: Thundurus|0 fnt
|faint|p2a: Thundurus
|
|win|ryan700123
|l|☆Ultair
|player|p2|
|c|☆ryan700123|gg

</script>
</div>
<div class="battle-log battle-log-inline"><div class="inner"><div class="battle-options"></div><div class="inner message-log"><div class="chat"><small class="gray">☆ryan700123 and ☆Ultair joined</small></div><div class=""><small>Format:</small> <br><strong>[Gen 9] NatDex Draft</strong></div><div class=""><small><em>Tera Type Preview:</em> Tera Types are shown at Team Preview</small></div><div class=""><small><em>Sleep Clause Mod:</em> Limit one foe put to sleep</small></div><div class=""><small><em>OHKO Clause:</em> OHKO moves are banned</small></div><div class=""><small><em>Evasion Clause:</em> Evasion abilities, items, and moves are banned</small></div><div class=""><small><em>Evasion Abilities Clause:</em> Evasion abilities are banned</small></div><div class=""><small><em>Evasion Items Clause:</em> Evasion items are banned</small></div><div class=""><small><em>Evasion Moves Clause:</em> Evasion moves are banned</small></div><div class=""><small><em>Endless Battle Clause:</em> Forcing endless battles is banned</small></div><div class=""><small><em>HP Percentage Mod:</em> HP is shown in percentages</small></div><div class="chat"><div class="infobox"><details class="readmore" open=""><summary><strong>1 custom rule:</strong></summary> Tera Type Preview</details></div></div><div class="chat">ryan700123's Tera Types:<br><span class="picon" style="background:transparent url(https://play.pokemonshowdown.com/sprites/pokemonicons-sheet.png?v22) no-repeat scroll -200px -1170px"></span><img src="https://play.pokemonshowdown.com/sprites/types/Ice.png" alt="Ice" height="14" width="32" class="pixelated"> / <span class="picon" style="background:transparent url(https://play.pokemonshowdown.com/sprites/pokemonicons-sheet.png?v22) no-repeat scroll -440px -1830px"></span><img src="https://play.pokemonshowdown.com/sprites/types/Bug.png" alt="Bug" height="14" width="32" class="pixelated"> / <span class="picon" style="background:transparent url(https://play.pokemonshowdown.com/sprites/pokemonicons-sheet.png?v22) no-repeat scroll -400px -300px"></span><img src="https://play.pokemonshowdown.com/sprites/types/Ground.png" alt="Ground" height="14" width="32" class="pixelated"> / <span class="picon" style="background:transparent url(https://play.pokemonshowdown.com/sprites/pokemonicons-sheet.png?v22) no-repeat scroll -80px -3120px"></span><img src="https://play.pokemonshowdown.com/sprites/types/Ground.png" alt="Ground" height="14" width="32" class="pixelated"> / <span class="picon" style="background:transparent url(https://play.pokemonshowdown.com/sprites/pokemonicons-sheet.png?v22) no-repeat scroll -360px -90px"></span><img src="https://play.pokemonshowdown.com/sprites/types/Steel.png" alt="Steel" height="14" width="32" class="pixelated"> / <span class="picon" style="background:transparent url(https://play.pokemonshowdown.com/sprites/pokemonicons-sheet.png?v22) no-repeat scroll -240px -1560px"></span><img src="https://play.pokemonshowdown.com/sprites/types/Dark.png" alt="Dark" height="14" width="32" class="pixelated"></div><div class="chat">Ultair's Tera Types:<br><span class="picon" style="background:transparent url(https://play.pokemonshowdown.com/sprites/pokemonicons-sheet.png?v22) no-repeat scroll -280px -2730px"></span><img src="https://play.pokemonshowdown.com/sprites/types/Water.png" alt="Water" height="14" width="32" class="pixelated"> / <span class="picon" style="background:transparent url(https://play.pokemonshowdown.com/sprites/pokemonicons-sheet.png?v22) no-repeat scroll -0px -1230px"></span><img src="https://play.pokemonshowdown.com/sprites/types/Poison.png" alt="Poison" height="14" width="32" class="pixelated"> / <span class="picon" style="background:transparent url(https://play.pokemonshowdown.com/sprites/pokemonicons-sheet.png?v22) no-repeat scroll -80px -270px"></span><img src="https://play.pokemonshowdown.com/sprites/types/Rock.png" alt="Rock" height="14" width="32" class="pixelated"> / <span class="picon" style="background:transparent url(https://play.pokemonshowdown.com/sprites/pokemonicons-sheet.png?v22) no-repeat scroll -40px -300px"></span><img src="https://play.pokemonshowdown.com/sprites/types/Psychic.png" alt="Psychic" height="14" width="32" class="pixelated"> / <span class="picon" style="background:transparent url(https://play.pokemonshowdown.com/sprites/pokemonicons-sheet.png?v22) no-repeat scroll -440px -1770px"></span><img src="https://play.pokemonshowdown.com/sprites/types/Rock.png" alt="Rock" height="14" width="32" class="pixelated"> / <span class="picon" style="background:transparent url(https://play.pokemonshowdown.com/sprites/pokemonicons-sheet.png?v22) no-repeat scroll -160px -1110px"></span><img src="https://play.pokemonshowdown.com/sprites/types/Water.png" alt="Water" height="14" width="32" class="pixelated"></div><div class="chat battle-history"><strong>ryan700123's team:</strong> <em style="color:#445566;display:block;">Mamoswine / Ribombee / Gyarados / Sliggoo-Hisui / Vileplume / Mandibuzz</em></div><div class="chat battle-history"><strong>Ultair's team:</strong> <em style="color:#445566;display:block;">Thundurus-Therian / Shaymin / Weezing / Starmie / Diancie / Lucario</em></div><div class="chat"><small class="gray"> Doctashock and  ksch joined</small></div><div class="chat chatmessage-doctashock"><strong style="color:#15a4c7"><span class="username"><small class="groupsymbol"> </small>Doctashock</span>:</strong> <em>surprise</em></div><div class="chat"><small class="gray"> Bunnnies,  Conundromic,  phantom0rion, and  serendipidu joined</small></div><div class="chat chatmessage-ryan700123"><strong style="color:#4c9121"><span class="username"><small class="groupsymbol">☆</small>ryan700123</span>:</strong> <em>thursday night jumpscare battle</em></div><div class="chat chatmessage-ultair"><strong style="color:#3a9240"><span class="username"><small class="groupsymbol">☆</small>Ultair</span>:</strong> <em>!servertime</em></div><div class="chat"><div class="infobox">Server time: <b>6/5/2026, 2:23:01 AM</b></div></div><div class="spacer battle-history"><br></div><div class="battle-history">Battle started between ryan700123 and Ultair!<br></div><div class="spacer battle-history"><br></div><div class="battle-history">Go! <strong>Mamoswine</strong>!<br></div><div class="spacer battle-history"><br></div><div class="battle-history">Ultair sent out <strong>Lucario</strong>!<br></div><div class="spacer battle-history"><br></div><h2 class="battle-history">Turn 1</h2><div class="spacer battle-history"><br></div><div class="battle-history"><small>The opposing Lucario has Terastallized into the Water-type!</small><br></div><div class="spacer battle-history"><br></div><div class="battle-history">The opposing Lucario used <strong>Close Combat</strong>!<br></div><div class="battle-history"><small>It's super effective!</small><br></div><div class="battle-history"><small>Mamoswine hung on using its Focus Sash!</small><br></div><div class="battle-history"><small>(Mamoswine lost 99% of its health!)</small><br></div><div class="battle-history"><small>The opposing Lucario's Defense fell!</small><br></div><div class="battle-history"><small>The opposing Lucario's Sp. Def fell!</small><br></div><div class="spacer battle-history"><br></div><div class="battle-history">Mamoswine used <strong>Earthquake</strong>!<br></div><div class="battle-history"><small>(The opposing Lucario lost 100% of its health!)</small><br></div><div class="spacer battle-history"><br></div><div class="battle-history">The opposing Lucario fainted!<br></div><div class="spacer battle-history"><br></div><div class="battle-history">Ultair sent out <strong>Starmie</strong>!<br></div><div class="spacer battle-history"><br></div><h2 class="battle-history">Turn 2</h2><div class="spacer battle-history"><br></div><div class="battle-history">Mamoswine used <strong>Ice Shard</strong>!<br></div><div class="battle-history"><small>It's not very effective...</small><br></div><div class="battle-history"><small>(The opposing Starmie lost 15% of its health!)</small><br></div><div class="spacer battle-history"><br></div><div class="battle-history">The opposing Starmie used <strong>Surf</strong>!<br></div><div class="battle-history"><small>It's super effective!</small><br></div><div class="battle-history"><small>(Mamoswine lost 1% of its health!)</small><br></div><div class="spacer battle-history"><br></div><div class="battle-history">Mamoswine fainted!<br></div><div class="spacer battle-history"><br></div><div class="battle-history">Go! <strong>Ribombee</strong>!<br></div><div class="spacer battle-history"><br></div><h2 class="battle-history">Turn 3</h2><div class="spacer battle-history"><br></div><div class="battle-history">Ultair withdrew Starmie!<br></div><div class="battle-history">Ultair sent out <strong>Diancie</strong>!<br></div><div class="spacer battle-history"><br></div><div class="battle-history">Ribombee used <strong>Bug Buzz</strong>!<br></div><div class="battle-history"><small>It's not very effective...</small><br></div><div class="battle-history"><small>(The opposing Diancie lost 10% of its health!)</small><br></div><div class="spacer battle-history"><br></div><div class="battle-history"><small>The opposing Diancie restored a little HP using its Leftovers!</small><br></div><div class="spacer battle-history"><br></div><h2 class="battle-history">Turn 4</h2><div class="spacer battle-history"><br></div><div class="battle-history">Ribombee used <strong>U-turn</strong>!<br></div><div class="battle-history"><small>It's not very effective...</small><br></div><div class="battle-history"><small>(The opposing Diancie lost 5% of its health!)</small><br></div><div class="spacer battle-history"><br></div><div class="battle-history">Ribombee went back to ryan700123!<br></div><div class="battle-history">Go! Sliggoo (<strong>Sliggoo-Hisui</strong>)!<br></div><div class="spacer battle-history"><br></div><div class="battle-history">The opposing Diancie used <strong>Stealth Rock</strong>!<br></div><div class="battle-history"><small>Pointed stones float in the air around your team!</small><br></div><div class="spacer battle-history"><br></div><div class="battle-history"><small>The opposing Diancie restored a little HP using its Leftovers!</small><br></div><div class="spacer battle-history"><br></div><h2 class="battle-history">Turn 5</h2><div class="spacer battle-history"><br></div><div class="battle-history">Ultair withdrew Diancie!<br></div><div class="battle-history">Ultair sent out <strong>Weezing</strong>!<br></div><div class="spacer battle-history"><br></div><div class="battle-history">Sliggoo used <strong>Flash Cannon</strong>!<br></div><div class="battle-history"><small>A critical hit!</small><br></div><div class="battle-history"><small>(The opposing Weezing lost 45% of its health!)</small><br></div><div class="battle-history"><small>The opposing Weezing's Sp. Def fell!</small><br></div><div class="spacer battle-history"><br></div><div class="battle-history"><small>The opposing Weezing restored a little HP using its Black Sludge!</small><br></div><div class="spacer battle-history"><br></div><h2 class="battle-history">Turn 6</h2><div class="spacer battle-history"><br></div><div class="battle-history">Ultair withdrew Weezing!<br></div><div class="battle-history">Ultair sent out <strong>Shaymin</strong>!<br></div><div class="spacer battle-history"><br></div><div class="battle-history">Sliggoo used <strong>Flash Cannon</strong>!<br></div><div class="battle-history"><small>A critical hit!</small><br></div><div class="battle-history"><small>(The opposing Shaymin lost 29% of its health!)</small><br></div><div class="spacer battle-history"><br></div><div class="battle-history"><small>The opposing Shaymin restored a little HP using its Leftovers!</small><br></div><div class="spacer battle-history"><br></div><h2 class="battle-history">Turn 7</h2><div class="spacer battle-history"><br></div><div class="battle-history">The opposing Shaymin used <strong>Leech Seed</strong>!<br></div><div class="battle-history">[Sliggoo's Sap Sipper]<br></div><div class="battle-history"><small>Sliggoo's Attack rose!</small><br></div><div class="spacer battle-history"><br></div><div class="battle-history">Sliggoo used <strong>Ice Beam</strong>!<br></div><div class="battle-history"><small>It's super effective!</small><br></div><div class="battle-history"><small>(The opposing Shaymin lost 30% of its health!)</small><br></div><div class="spacer battle-history"><br></div><div class="battle-history"><small>The opposing Shaymin restored a little HP using its Leftovers!</small><br></div><div class="spacer battle-history"><br></div><h2 class="battle-history">Turn 8</h2><div class="spacer battle-history"><br></div><div class="battle-history">The opposing Shaymin used <strong>Synthesis</strong>!<br></div><div class="battle-history"><small>The opposing Shaymin had its HP restored.</small><br></div><div class="spacer battle-history"><br></div><div class="battle-history">Sliggoo used <strong>Ice Beam</strong>!<br></div><div class="battle-history"><small>It's super effective!</small><br></div><div class="battle-history"><small>(The opposing Shaymin lost 28% of its health!)</small><br></div><div class="battle-history"><small>The opposing Shaymin was frozen solid!</small><br></div><div class="spacer battle-history"><br></div><div class="battle-history"><small>The opposing Shaymin restored a little HP using its Leftovers!</small><br></div><div class="spacer battle-history"><br></div><h2 class="battle-history">Turn 9</h2><div class="spacer battle-history"><br></div><div class="battle-history">The opposing Shaymin is frozen solid!<br></div><div class="spacer battle-history"><br></div><div class="battle-history">Sliggoo used <strong>Ice Beam</strong>!<br></div><div class="battle-history"><small>It's super effective!</small><br></div><div class="battle-history"><small>(The opposing Shaymin lost 30% of its health!)</small><br></div><div class="spacer battle-history"><br></div><div class="battle-history"><small>The opposing Shaymin restored a little HP using its Leftovers!</small><br></div><div class="spacer battle-history"><br></div><h2 class="battle-history">Turn 10</h2><div class="spacer battle-history"><br></div><div class="battle-history"><small>The opposing Shaymin thawed out!</small><br></div><div class="spacer battle-history"><br></div><div class="battle-history">The opposing Shaymin used <strong>Synthesis</strong>!<br></div><div class="battle-history"><small>The opposing Shaymin had its HP restored.</small><br></div><div class="spacer battle-history"><br></div><div class="battle-history">Sliggoo used <strong>Ice Beam</strong>!<br></div><div class="battle-history"><small>It's super effective!</small><br></div><div class="battle-history"><small>(The opposing Shaymin lost 30% of its health!)</small><br></div><div class="spacer battle-history"><br></div><div class="battle-history"><small>The opposing Shaymin restored a little HP using its Leftovers!</small><br></div><div class="spacer battle-history"><br></div><h2 class="battle-history">Turn 11</h2><div class="spacer battle-history"><br></div><div class="battle-history">The opposing Shaymin used <strong>Earth Power</strong>!<br></div><div class="battle-history"><small>It's super effective!</small><br></div><div class="battle-history"><small>(Sliggoo lost 20% of its health!)</small><br></div><div class="spacer battle-history"><br></div><div class="battle-history">Sliggoo used <strong>Flash Cannon</strong>!<br></div><div class="battle-history"><small>A critical hit!</small><br></div><div class="battle-history"><small>(The opposing Shaymin lost 29% of its health!)</small><br></div><div class="spacer battle-history"><br></div><div class="battle-history"><small>The opposing Shaymin restored a little HP using its Leftovers!</small><br></div><div class="spacer battle-history"><br></div><h2 class="battle-history">Turn 12</h2><div class="spacer battle-history"><br></div><div class="battle-history">The opposing Shaymin used <strong>Earth Power</strong>!<br></div><div class="battle-history"><small>It's super effective!</small><br></div><div class="battle-history"><small>(Sliggoo lost 22% of its health!)</small><br></div><div class="spacer battle-history"><br></div><div class="battle-history">Sliggoo used <strong>Flash Cannon</strong>!<br></div><div class="battle-history"><small>(The opposing Shaymin lost 20% of its health!)</small><br></div><div class="spacer battle-history"><br></div><div class="battle-history"><small>The opposing Shaymin restored a little HP using its Leftovers!</small><br></div><div class="spacer battle-history"><br></div><h2 class="battle-history">Turn 13</h2><div class="spacer battle-history"><br></div><div class="battle-history">The opposing Shaymin used <strong>Synthesis</strong>!<br></div><div class="battle-history"><small>The opposing Shaymin had its HP restored.</small><br></div><div class="spacer battle-history"><br></div><div class="battle-history">Sliggoo used <strong>Ice Beam</strong>!<br></div><div class="battle-history"><small>It's super effective!</small><br></div><div class="battle-history"><small>A critical hit!</small><br></div><div class="battle-history"><small>(The opposing Shaymin lost 42% of its health!)</small><br></div><div class="spacer battle-history"><br></div><div class="battle-history"><small>The opposing Shaymin restored a little HP using its Leftovers!</small><br></div><div class="spacer battle-history"><br></div><h2 class="battle-history">Turn 14</h2><div class="chat"><small class="gray"> Ocarina919 joined</small></div><div class="chat chatmessage-ryan700123"><strong style="color:#4c9121"><span class="username"><small class="groupsymbol">☆</small>ryan700123</span>:</strong> <em>anointed by god</em></div><div class="chat chatmessage-ultair"><strong style="color:#3a9240"><span class="username"><small class="groupsymbol">☆</small>Ultair</span>:</strong> <em>pls</em></div><div class="spacer battle-history"><br></div><div class="battle-history">The opposing Shaymin used <strong>Earth Power</strong>!<br></div><div class="battle-history"><small>It's super effective!</small><br></div><div class="battle-history"><small>(Sliggoo lost 21% of its health!)</small><br></div><div class="spacer battle-history"><br></div><div class="battle-history">Sliggoo used <strong>Rest</strong>!<br></div><div class="battle-history"><small>Sliggoo slept and became healthy!</small><br></div><div class="spacer battle-history"><br></div><div class="battle-history"><small>The opposing Shaymin restored a little HP using its Leftovers!</small><br></div><div class="spacer battle-history"><br></div><h2 class="battle-history">Turn 15</h2><div class="spacer battle-history"><br></div><div class="battle-history">The opposing Shaymin used <strong>Earth Power</strong>!<br></div><div class="battle-history"><small>It's super effective!</small><br></div><div class="battle-history"><small>(Sliggoo lost 18% of its health!)</small><br></div><div class="spacer battle-history"><br></div><div class="battle-history">Sliggoo is fast asleep.<br></div><div class="spacer battle-history"><br></div><div class="battle-history">Sliggoo used <strong>Sleep Talk</strong>!<br></div><div class="spacer battle-history"><br></div><div class="battle-history">Sliggoo used <strong>Flash Cannon</strong>!<br></div><div class="battle-history"><small>(The opposing Shaymin lost 19% of its health!)</small><br></div><div class="spacer battle-history"><br></div><div class="battle-history"><small>The opposing Shaymin restored a little HP using its Leftovers!</small><br></div><div class="spacer battle-history"><br></div><h2 class="battle-history">Turn 16</h2><div class="chat chatmessage-bunnnies"><strong style="color:#8a36e4"><span class="username"><small class="groupsymbol"> </small>Bunnnies</span>:</strong> <em>it's only appropriate for the thing that turns into shaymin sky</em></div><div class="chat"><small class="gray"> foodss joined</small></div><div class="spacer battle-history"><br></div><div class="battle-history">The opposing Shaymin used <strong>Earth Power</strong>!<br></div><div class="battle-history"><small>It's super effective!</small><br></div><div class="battle-history"><small>(Sliggoo lost 22% of its health!)</small><br></div><div class="spacer battle-history"><br></div><div class="battle-history">Sliggoo is fast asleep.<br></div><div class="spacer battle-history"><br></div><div class="battle-history">Sliggoo used <strong>Sleep Talk</strong>!<br></div><div class="spacer battle-history"><br></div><div class="battle-history">Sliggoo used <strong>Flash Cannon</strong>!<br></div><div class="battle-history"><small>(The opposing Shaymin lost 21% of its health!)</small><br></div><div class="spacer battle-history"><br></div><div class="battle-history"><small>The opposing Shaymin restored a little HP using its Leftovers!</small><br></div><div class="spacer battle-history"><br></div><h2 class="battle-history">Turn 17</h2><div class="spacer battle-history"><br></div><div class="battle-history">The opposing Shaymin used <strong>Synthesis</strong>!<br></div><div class="battle-history"><small>The opposing Shaymin had its HP restored.</small><br></div><div class="battle-history"><small>Sliggoo woke up!</small><br></div><div class="spacer battle-history"><br></div><div class="battle-history">Sliggoo used <strong>Ice Beam</strong>!<br></div><div class="battle-history"><small>It's super effective!</small><br></div><div class="battle-history"><small>(The opposing Shaymin lost 32% of its health!)</small><br></div><div class="spacer battle-history"><br></div><div class="battle-history"><small>The opposing Shaymin restored a little HP using its Leftovers!</small><br></div><div class="spacer battle-history"><br></div><h2 class="battle-history">Turn 18</h2><div class="spacer battle-history"><br></div><div class="battle-history">The opposing Shaymin used <strong>Earth Power</strong>!<br></div><div class="battle-history"><small>It's super effective!</small><br></div><div class="battle-history"><small>(Sliggoo lost 20% of its health!)</small><br></div><div class="battle-history"><small>Sliggoo's Sp. Def fell!</small><br></div><div class="spacer battle-history"><br></div><div class="battle-history">Sliggoo used <strong>Rest</strong>!<br></div><div class="battle-history"><small>Sliggoo slept and became healthy!</small><br></div><div class="spacer battle-history"><br></div><div class="battle-history"><small>The opposing Shaymin restored a little HP using its Leftovers!</small><br></div><div class="spacer battle-history"><br></div><h2 class="battle-history">Turn 19</h2><div class="spacer battle-history"><br></div><div class="battle-history">The opposing Shaymin used <strong>Earth Power</strong>!<br></div><div class="battle-history"><small>It's super effective!</small><br></div><div class="battle-history"><small>(Sliggoo lost 30% of its health!)</small><br></div><div class="spacer battle-history"><br></div><div class="battle-history">Sliggoo is fast asleep.<br></div><div class="spacer battle-history"><br></div><div class="battle-history">Sliggoo used <strong>Sleep Talk</strong>!<br></div><div class="spacer battle-history"><br></div><div class="battle-history">Sliggoo used <strong>Flash Cannon</strong>!<br></div><div class="battle-history"><small>(The opposing Shaymin lost 19% of its health!)</small><br></div><div class="spacer battle-history"><br></div><div class="battle-history"><small>The opposing Shaymin restored a little HP using its Leftovers!</small><br></div><div class="spacer battle-history"><br></div><h2 class="battle-history">Turn 20</h2><div class="spacer battle-history"><br></div><div class="battle-history">The opposing Shaymin used <strong>Earth Power</strong>!<br></div><div class="battle-history"><small>It's super effective!</small><br></div><div class="battle-history"><small>(Sliggoo lost 32% of its health!)</small><br></div><div class="spacer battle-history"><br></div><div class="battle-history">Sliggoo is fast asleep.<br></div><div class="spacer battle-history"><br></div><div class="battle-history">Sliggoo used <strong>Sleep Talk</strong>!<br></div><div class="spacer battle-history"><br></div><div class="battle-history">Sliggoo used <strong>Rest</strong>!<br></div><div class="battle-history"><small>But it failed!</small><br></div><div class="spacer battle-history"><br></div><div class="battle-history"><small>The opposing Shaymin restored a little HP using its Leftovers!</small><br></div><div class="spacer battle-history"><br></div><h2 class="battle-history">Turn 21</h2><div class="spacer battle-history"><br></div><div class="battle-history">The opposing Shaymin used <strong>Earth Power</strong>!<br></div><div class="battle-history"><small>It's super effective!</small><br></div><div class="battle-history"><small>(Sliggoo lost 28% of its health!)</small><br></div><div class="battle-history"><small>Sliggoo woke up!</small><br></div><div class="spacer battle-history"><br></div><div class="battle-history">Sliggoo used <strong>Rest</strong>!<br></div><div class="battle-history"><small>Sliggoo slept and became healthy!</small><br></div><div class="spacer battle-history"><br></div><div class="battle-history"><small>The opposing Shaymin restored a little HP using its Leftovers!</small><br></div><div class="spacer battle-history"><br></div><h2 class="battle-history">Turn 22</h2><div class="spacer battle-history"><br></div><div class="battle-history">Sliggoo, come back!<br></div><div class="battle-history">Go! <strong>Vileplume</strong>!<br></div><div class="battle-history"><small>Pointed stones dug into Vileplume!</small><br></div><div class="spacer battle-history"><br></div><div class="battle-history">The opposing Shaymin used <strong>Earth Power</strong>!<br></div><div class="battle-history"><small>(Vileplume lost 22% of its health!)</small><br></div><div class="battle-history"><small>Vileplume's Sp. Def fell!</small><br></div><div class="spacer battle-history"><br></div><div class="battle-history"><small>The opposing Shaymin restored a little HP using its Leftovers!</small><br></div><div class="spacer battle-history"><br></div><h2 class="battle-history">Turn 23</h2><div class="chat"><small class="gray"> Crown Oji joined</small></div><div class="spacer battle-history"><br></div><div class="battle-history">Ultair withdrew Shaymin!<br></div><div class="battle-history">Ultair sent out <strong>Weezing</strong>!<br></div><div class="spacer battle-history"><br></div><div class="battle-history">Vileplume used <strong>Sludge Bomb</strong>!<br></div><div class="battle-history"><small>It's not very effective...</small><br></div><div class="battle-history"><small>(The opposing Weezing lost 21% of its health!)</small><br></div><div class="spacer battle-history"><br></div><div class="battle-history"><small>The opposing Weezing restored a little HP using its Black Sludge!</small><br></div><div class="spacer battle-history"><br></div><h2 class="battle-history">Turn 24</h2><div class="spacer battle-history"><br></div><div class="battle-history">Vileplume, come back!<br></div><div class="battle-history">Go! Sliggoo (<strong>Sliggoo-Hisui</strong>)!<br></div><div class="battle-history"><small>Pointed stones dug into Sliggoo!</small><br></div><div class="spacer battle-history"><br></div><div class="battle-history">The opposing Weezing used <strong>Pain Split</strong>!<br></div><div class="battle-history"><small>The battlers shared their pain!</small><br></div><div class="spacer battle-history"><br></div><div class="battle-history"><small>The opposing Weezing restored a little HP using its Black Sludge!</small><br></div><div class="spacer battle-history"><br></div><h2 class="battle-history">Turn 25</h2><div class="spacer battle-history"><br></div><div class="battle-history">The opposing Weezing used <strong>Taunt</strong>!<br></div><div class="battle-history"><small>Sliggoo fell for the taunt!</small><br></div><div class="spacer battle-history"><br></div><div class="battle-history">Sliggoo is fast asleep.<br></div><div class="spacer battle-history"><br></div><div class="battle-history">Sliggoo can't use Sleep Talk after the taunt!<br></div><div class="spacer battle-history"><br></div><div class="battle-history"><small>The opposing Weezing restored a little HP using its Black Sludge!</small><br></div><div class="spacer battle-history"><br></div><h2 class="battle-history">Turn 26</h2><div class="spacer battle-history"><br></div><div class="battle-history">The opposing Weezing used <strong>Thunderbolt</strong>!<br></div><div class="battle-history"><small>It's not very effective...</small><br></div><div class="battle-history"><small>(Sliggoo lost 4% of its health!)</small><br></div><div class="spacer battle-history"><br></div><div class="battle-history">Sliggoo is fast asleep.<br></div><div class="spacer battle-history"><br></div><div class="battle-history"><small>The opposing Weezing restored a little HP using its Black Sludge!</small><br></div><div class="spacer battle-history"><br></div><h2 class="battle-history">Turn 27</h2><div class="spacer battle-history"><br></div><div class="battle-history">The opposing Weezing used <strong>Thunderbolt</strong>!<br></div><div class="battle-history"><small>It's not very effective...</small><br></div><div class="battle-history"><small>(Sliggoo lost 4% of its health!)</small><br></div><div class="battle-history"><small>Sliggoo woke up!</small><br></div><div class="spacer battle-history"><br></div><div class="battle-history">Sliggoo used <strong>Flash Cannon</strong>!<br></div><div class="battle-history"><small>(The opposing Weezing lost 34% of its health!)</small><br></div><div class="spacer battle-history"><br></div><div class="battle-history"><small>The opposing Weezing restored a little HP using its Black Sludge!</small><br></div><div class="battle-history"><small>Sliggoo shook off the taunt!</small><br></div><div class="spacer battle-history"><br></div><h2 class="battle-history">Turn 28</h2><div class="spacer battle-history"><br></div><div class="battle-history">The opposing Weezing used <strong>Taunt</strong>!<br></div><div class="battle-history"><small>Sliggoo fell for the taunt!</small><br></div><div class="spacer battle-history"><br></div><div class="battle-history">Sliggoo used <strong>Flash Cannon</strong>!<br></div><div class="battle-history"><small>(The opposing Weezing lost 33% of its health!)</small><br></div><div class="spacer battle-history"><br></div><div class="battle-history"><small>The opposing Weezing restored a little HP using its Black Sludge!</small><br></div><div class="spacer battle-history"><br></div><h2 class="battle-history">Turn 29</h2><div class="spacer battle-history"><br></div><div class="battle-history">The opposing Weezing used <strong>Pain Split</strong>!<br></div><div class="battle-history"><small>The battlers shared their pain!</small><br></div><div class="spacer battle-history"><br></div><div class="battle-history">Sliggoo used <strong>Flash Cannon</strong>!<br></div><div class="battle-history"><small>(The opposing Weezing lost 36% of its health!)</small><br></div><div class="spacer battle-history"><br></div><div class="battle-history"><small>The opposing Weezing restored a little HP using its Black Sludge!</small><br></div><div class="spacer battle-history"><br></div><h2 class="battle-history">Turn 30</h2><div class="spacer battle-history"><br></div><div class="battle-history">Ultair withdrew Weezing!<br></div><div class="battle-history">Ultair sent out <strong>Shaymin</strong>!<br></div><div class="spacer battle-history"><br></div><div class="battle-history">Sliggoo used <strong>Flash Cannon</strong>!<br></div><div class="battle-history"><small>(The opposing Shaymin lost 20% of its health!)</small><br></div><div class="spacer battle-history"><br></div><div class="battle-history"><small>The opposing Shaymin restored a little HP using its Leftovers!</small><br></div><div class="battle-history"><small>Sliggoo shook off the taunt!</small><br></div><div class="spacer battle-history"><br></div><h2 class="battle-history">Turn 31</h2><div class="spacer battle-history"><br></div><div class="battle-history">The opposing Shaymin used <strong>Earth Power</strong>!<br></div><div class="battle-history"><small>It's super effective!</small><br></div><div class="battle-history"><small>(Sliggoo lost 21% of its health!)</small><br></div><div class="battle-history"><small>Sliggoo's Sp. Def fell!</small><br></div><div class="spacer battle-history"><br></div><div class="battle-history">Sliggoo used <strong>Rest</strong>!<br></div><div class="battle-history"><small>Sliggoo slept and became healthy!</small><br></div><div class="spacer battle-history"><br></div><div class="battle-history"><small>The opposing Shaymin restored a little HP using its Leftovers!</small><br></div><div class="spacer battle-history"><br></div><h2 class="battle-history">Turn 32</h2><div class="spacer battle-history"><br></div><div class="battle-history">Sliggoo, come back!<br></div><div class="battle-history">Go! <strong>Vileplume</strong>!<br></div><div class="battle-history"><small>Pointed stones dug into Vileplume!</small><br></div><div class="spacer battle-history"><br></div><div class="battle-history">The opposing Shaymin used <strong>Earth Power</strong>!<br></div><div class="battle-history"><small>(Vileplume lost 23% of its health!)</small><br></div><div class="spacer battle-history"><br></div><div class="battle-history"><small>The opposing Shaymin restored a little HP using its Leftovers!</small><br></div><div class="spacer battle-history"><br></div><h2 class="battle-history">Turn 33</h2><div class="spacer battle-history"><br></div><div class="battle-history">Ultair withdrew Shaymin!<br></div><div class="battle-history">Ultair sent out <strong>Starmie</strong>!<br></div><div class="spacer battle-history"><br></div><div class="battle-history">Vileplume used <strong>Sludge Bomb</strong>!<br></div><div class="battle-history"><small>(The opposing Starmie lost 50% of its health!)</small><br></div><div class="spacer battle-history"><br></div><h2 class="battle-history">Turn 34</h2><div class="spacer battle-history"><br></div><div class="battle-history">Vileplume, come back!<br></div><div class="battle-history">Go! Sliggoo (<strong>Sliggoo-Hisui</strong>)!<br></div><div class="battle-history"><small>Pointed stones dug into Sliggoo!</small><br></div><div class="spacer battle-history"><br></div><div class="battle-history">The opposing Starmie used <strong>Psyshock</strong>!<br></div><div class="battle-history"><small>It's not very effective...</small><br></div><div class="battle-history"><small>(Sliggoo lost 20% of its health!)</small><br></div><div class="spacer battle-history"><br></div><h2 class="battle-history">Turn 35</h2><div class="spacer battle-history"><br></div><div class="battle-history">The opposing Starmie used <strong>Psyshock</strong>!<br></div><div class="battle-history"><small>It's not very effective...</small><br></div><div class="battle-history"><small>(Sliggoo lost 15% of its health!)</small><br></div><div class="spacer battle-history"><br></div><div class="battle-history">Sliggoo is fast asleep.<br></div><div class="spacer battle-history"><br></div><div class="battle-history">Sliggoo used <strong>Sleep Talk</strong>!<br></div><div class="spacer battle-history"><br></div><div class="battle-history">Sliggoo used <strong>Rest</strong>!<br></div><div class="battle-history"><small>But it failed!</small><br></div><div class="spacer battle-history"><br></div><h2 class="battle-history">Turn 36</h2><div class="spacer battle-history"><br></div><div class="battle-history">Ultair withdrew Starmie!<br></div><div class="battle-history">Ultair sent out Thundurus (<strong>Thundurus-Therian</strong>)!<br></div><div class="spacer battle-history"><br></div><div class="battle-history">Sliggoo is fast asleep.<br></div><div class="spacer battle-history"><br></div><div class="battle-history">Sliggoo used <strong>Sleep Talk</strong>!<br></div><div class="spacer battle-history"><br></div><div class="battle-history">Sliggoo used <strong>Rest</strong>!<br></div><div class="battle-history"><small>But it failed!</small><br></div><div class="spacer battle-history"><br></div><h2 class="battle-history">Turn 37</h2><div class="spacer battle-history"><br></div><div class="battle-history">The opposing Thundurus used <strong>U-turn</strong>!<br></div><div class="battle-history"><small>It's not very effective...</small><br></div><div class="battle-history"><small>(Sliggoo lost 6% of its health!)</small><br></div><div class="spacer battle-history"><br></div><div class="battle-history">The opposing Thundurus went back to Ultair!<br></div><div class="battle-history">Ultair sent out <strong>Weezing</strong>!<br></div><div class="battle-history"><small>Sliggoo woke up!</small><br></div><div class="spacer battle-history"><br></div><div class="battle-history">Sliggoo used <strong>Rest</strong>!<br></div><div class="battle-history"><small>Sliggoo slept and became healthy!</small><br></div><div class="spacer battle-history"><br></div><div class="battle-history"><small>The opposing Weezing restored a little HP using its Black Sludge!</small><br></div><div class="spacer battle-history"><br></div><h2 class="battle-history">Turn 38</h2><div class="spacer battle-history"><br></div><div class="battle-history">The opposing Weezing used <strong>Taunt</strong>!<br></div><div class="battle-history"><small>Sliggoo fell for the taunt!</small><br></div><div class="spacer battle-history"><br></div><div class="battle-history">Sliggoo is fast asleep.<br></div><div class="spacer battle-history"><br></div><div class="battle-history">Sliggoo can't use Sleep Talk after the taunt!<br></div><div class="spacer battle-history"><br></div><div class="battle-history"><small>The opposing Weezing restored a little HP using its Black Sludge!</small><br></div><div class="spacer battle-history"><br></div><h2 class="battle-history">Turn 39</h2><div class="spacer battle-history"><br></div><div class="battle-history">The opposing Weezing used <strong>Pain Split</strong>!<br></div><div class="battle-history"><small>The battlers shared their pain!</small><br></div><div class="spacer battle-history"><br></div><div class="battle-history">Sliggoo is fast asleep.<br></div><div class="spacer battle-history"><br></div><div class="battle-history"><small>The opposing Weezing restored a little HP using its Black Sludge!</small><br></div><div class="spacer battle-history"><br></div><h2 class="battle-history">Turn 40</h2><div class="spacer battle-history"><br></div><div class="battle-history">The opposing Weezing used <strong>Thunderbolt</strong>!<br></div><div class="battle-history"><small>It's not very effective...</small><br></div><div class="battle-history"><small>(Sliggoo lost 4% of its health!)</small><br></div><div class="battle-history"><small>Sliggoo woke up!</small><br></div><div class="spacer battle-history"><br></div><div class="battle-history">Sliggoo used <strong>Flash Cannon</strong>!<br></div><div class="battle-history"><small>(The opposing Weezing lost 31% of its health!)</small><br></div><div class="spacer battle-history"><br></div><div class="battle-history"><small>The opposing Weezing restored a little HP using its Black Sludge!</small><br></div><div class="battle-history"><small>Sliggoo shook off the taunt!</small><br></div><div class="spacer battle-history"><br></div><h2 class="battle-history">Turn 41</h2><div class="spacer battle-history"><br></div><div class="battle-history">The opposing Weezing used <strong>Pain Split</strong>!<br></div><div class="battle-history"><small>The battlers shared their pain!</small><br></div><div class="spacer battle-history"><br></div><div class="battle-history">Sliggoo used <strong>Ice Beam</strong>!<br></div><div class="battle-history"><small>(The opposing Weezing lost 23% of its health!)</small><br></div><div class="spacer battle-history"><br></div><div class="battle-history"><small>The opposing Weezing restored a little HP using its Black Sludge!</small><br></div><div class="spacer battle-history"><br></div><h2 class="battle-history">Turn 42</h2><div class="spacer battle-history"><br></div><div class="battle-history">Ultair withdrew Weezing!<br></div><div class="battle-history">Ultair sent out <strong>Shaymin</strong>!<br></div><div class="spacer battle-history"><br></div><div class="battle-history">Sliggoo used <strong>Ice Beam</strong>!<br></div><div class="battle-history"><small>It's super effective!</small><br></div><div class="battle-history"><small>(The opposing Shaymin lost 32% of its health!)</small><br></div><div class="spacer battle-history"><br></div><div class="battle-history"><small>The opposing Shaymin restored a little HP using its Leftovers!</small><br></div><div class="spacer battle-history"><br></div><h2 class="battle-history">Turn 43</h2><div class="spacer battle-history"><br></div><div class="battle-history">The opposing Shaymin used <strong>Synthesis</strong>!<br></div><div class="battle-history"><small>The opposing Shaymin had its HP restored.</small><br></div><div class="spacer battle-history"><br></div><div class="battle-history">Sliggoo used <strong>Ice Beam</strong>!<br></div><div class="battle-history"><small>It's super effective!</small><br></div><div class="battle-history"><small>(The opposing Shaymin lost 30% of its health!)</small><br></div><div class="spacer battle-history"><br></div><div class="battle-history"><small>The opposing Shaymin restored a little HP using its Leftovers!</small><br></div><div class="spacer battle-history"><br></div><h2 class="battle-history">Turn 44</h2><div class="spacer battle-history"><br></div><div class="battle-history">The opposing Shaymin used <strong>Leech Seed</strong>!<br></div><div class="battle-history">[Sliggoo's Sap Sipper]<br></div><div class="battle-history"><small>Sliggoo's Attack rose!</small><br></div><div class="spacer battle-history"><br></div><div class="battle-history">Sliggoo used <strong>Ice Beam</strong>!<br></div><div class="battle-history"><small>It's super effective!</small><br></div><div class="battle-history"><small>(The opposing Shaymin lost 30% of its health!)</small><br></div><div class="battle-history"><small>The opposing Shaymin was frozen solid!</small><br></div><div class="spacer battle-history"><br></div><div class="battle-history"><small>The opposing Shaymin restored a little HP using its Leftovers!</small><br></div><div class="spacer battle-history"><br></div><h2 class="battle-history">Turn 45</h2><div class="spacer battle-history"><br></div><div class="battle-history">The opposing Shaymin is frozen solid!<br></div><div class="spacer battle-history"><br></div><div class="battle-history">Sliggoo used <strong>Ice Beam</strong>!<br></div><div class="battle-history"><small>It's super effective!</small><br></div><div class="battle-history"><small>(The opposing Shaymin lost 31% of its health!)</small><br></div><div class="spacer battle-history"><br></div><div class="battle-history"><small>The opposing Shaymin restored a little HP using its Leftovers!</small><br></div><div class="spacer battle-history"><br></div><h2 class="battle-history">Turn 46</h2><div class="spacer battle-history"><br></div><div class="battle-history">The opposing Shaymin is frozen solid!<br></div><div class="spacer battle-history"><br></div><div class="battle-history">Sliggoo used <strong>Ice Beam</strong>!<br></div><div class="battle-history"><small>It's super effective!</small><br></div><div class="battle-history"><small>(The opposing Shaymin lost 18% of its health!)</small><br></div><div class="spacer battle-history"><br></div><div class="battle-history">The opposing Shaymin fainted!<br></div><div class="spacer battle-history"><br></div><div class="battle-history">Ultair sent out <strong>Diancie</strong>!<br></div><div class="spacer battle-history"><br></div><h2 class="battle-history">Turn 47</h2><div class="spacer battle-history"><br></div><div class="battle-history">Ultair withdrew Diancie!<br></div><div class="battle-history">Ultair sent out Thundurus (<strong>Thundurus-Therian</strong>)!<br></div><div class="spacer battle-history"><br></div><div class="battle-history">Sliggoo used <strong>Flash Cannon</strong>!<br></div><div class="battle-history"><small>It's not very effective...</small><br></div><div class="battle-history"><small>(The opposing Thundurus lost 16% of its health!)</small><br></div><div class="spacer battle-history"><br></div><h2 class="battle-history">Turn 48</h2><div class="spacer battle-history"><br></div><div class="battle-history">The opposing Thundurus used <strong>U-turn</strong>!<br></div><div class="battle-history"><small>It's not very effective...</small><br></div><div class="battle-history"><small>(Sliggoo lost 6% of its health!)</small><br></div><div class="spacer battle-history"><br></div><div class="battle-history">The opposing Thundurus went back to Ultair!<br></div><div class="battle-history">Ultair sent out <strong>Diancie</strong>!<br></div><div class="spacer battle-history"><br></div><div class="battle-history">Sliggoo used <strong>Ice Beam</strong>!<br></div><div class="battle-history"><small>(The opposing Diancie lost 11% of its health!)</small><br></div><div class="spacer battle-history"><br></div><div class="battle-history"><small>The opposing Diancie restored a little HP using its Leftovers!</small><br></div><div class="spacer battle-history"><br></div><h2 class="battle-history">Turn 49</h2><div class="spacer battle-history"><br></div><div class="battle-history">Ultair withdrew Diancie!<br></div><div class="battle-history">Ultair sent out <strong>Weezing</strong>!<br></div><div class="spacer battle-history"><br></div><div class="battle-history">Sliggoo used <strong>Flash Cannon</strong>!<br></div><div class="battle-history"><small>(The opposing Weezing lost 30% of its health!)</small><br></div><div class="spacer battle-history"><br></div><div class="battle-history"><small>The opposing Weezing restored a little HP using its Black Sludge!</small><br></div><div class="spacer battle-history"><br></div><h2 class="battle-history">Turn 50</h2><div class="spacer battle-history"><br></div><div class="battle-history">The opposing Weezing used <strong>Pain Split</strong>!<br></div><div class="battle-history"><small>The battlers shared their pain!</small><br></div><div class="spacer battle-history"><br></div><div class="battle-history">Sliggoo used <strong>Flash Cannon</strong>!<br></div><div class="battle-history"><small>(The opposing Weezing lost 28% of its health!)</small><br></div><div class="spacer battle-history"><br></div><div class="battle-history">The opposing Weezing fainted!<br></div><div class="spacer battle-history"><br></div><div class="battle-history">Ultair sent out <strong>Diancie</strong>!<br></div><div class="spacer battle-history"><br></div><h2 class="battle-history">Turn 51</h2><div class="spacer battle-history"><br></div><div class="battle-history">The opposing Diancie used <strong>Moonblast</strong>!<br></div><div class="battle-history"><small>(Sliggoo lost 15% of its health!)</small><br></div><div class="spacer battle-history"><br></div><div class="battle-history">Sliggoo used <strong>Rest</strong>!<br></div><div class="battle-history"><small>Sliggoo slept and became healthy!</small><br></div><div class="spacer battle-history"><br></div><div class="battle-history"><small>The opposing Diancie restored a little HP using its Leftovers!</small><br></div><div class="spacer battle-history"><br></div><h2 class="battle-history">Turn 52</h2><div class="spacer battle-history"><br></div><div class="battle-history">The opposing Diancie used <strong>Moonblast</strong>!<br></div><div class="battle-history"><small>(Sliggoo lost 14% of its health!)</small><br></div><div class="spacer battle-history"><br></div><div class="battle-history">Sliggoo is fast asleep.<br></div><div class="spacer battle-history"><br></div><div class="battle-history">Sliggoo used <strong>Sleep Talk</strong>!<br></div><div class="spacer battle-history"><br></div><div class="battle-history">Sliggoo used <strong>Flash Cannon</strong>!<br></div><div class="battle-history"><small>It's super effective!</small><br></div><div class="battle-history"><small>(The opposing Diancie lost 57% of its health!)</small><br></div><div class="spacer battle-history"><br></div><div class="battle-history"><small>The opposing Diancie restored a little HP using its Leftovers!</small><br></div><div class="spacer battle-history"><br></div><h2 class="battle-history">Turn 53</h2><div class="spacer battle-history"><br></div><div class="battle-history">The opposing Diancie used <strong>Moonblast</strong>!<br></div><div class="battle-history"><small>(Sliggoo lost 17% of its health!)</small><br></div><div class="spacer battle-history"><br></div><div class="battle-history">Sliggoo is fast asleep.<br></div><div class="spacer battle-history"><br></div><div class="battle-history"><small>The opposing Diancie restored a little HP using its Leftovers!</small><br></div><div class="spacer battle-history"><br></div><h2 class="battle-history">Turn 54</h2><div class="spacer battle-history"><br></div><div class="battle-history">The opposing Diancie used <strong>Baton Pass</strong>!<br></div><div class="spacer battle-history"><br></div><div class="battle-history">Ultair sent out Thundurus (<strong>Thundurus-Therian</strong>)!<br></div><div class="battle-history"><small>Sliggoo woke up!</small><br></div><div class="spacer battle-history"><br></div><div class="battle-history">Sliggoo used <strong>Flash Cannon</strong>!<br></div><div class="battle-history"><small>It's not very effective...</small><br></div><div class="battle-history"><small>(The opposing Thundurus lost 15% of its health!)</small><br></div><div class="spacer battle-history"><br></div><h2 class="battle-history">Turn 55</h2><div class="spacer battle-history"><br></div><div class="battle-history">The opposing Thundurus used <strong>U-turn</strong>!<br></div><div class="battle-history"><small>It's not very effective...</small><br></div><div class="battle-history"><small>(Sliggoo lost 6% of its health!)</small><br></div><div class="spacer battle-history"><br></div><div class="battle-history">The opposing Thundurus went back to Ultair!<br></div><div class="battle-history">Ultair sent out <strong>Diancie</strong>!<br></div><div class="spacer battle-history"><br></div><div class="battle-history">Sliggoo used <strong>Ice Beam</strong>!<br></div><div class="battle-history"><small>(The opposing Diancie lost 12% of its health!)</small><br></div><div class="battle-history"><small>The opposing Diancie was frozen solid!</small><br></div><div class="spacer battle-history"><br></div><div class="battle-history"><small>The opposing Diancie restored a little HP using its Leftovers!</small><br></div><div class="spacer battle-history"><br></div><h2 class="battle-history">Turn 56</h2><div class="spacer battle-history"><br></div><div class="battle-history">The opposing Diancie is frozen solid!<br></div><div class="spacer battle-history"><br></div><div class="battle-history">Sliggoo used <strong>Flash Cannon</strong>!<br></div><div class="battle-history"><small>It's super effective!</small><br></div><div class="battle-history"><small>(The opposing Diancie lost 47% of its health!)</small><br></div><div class="spacer battle-history"><br></div><div class="battle-history">The opposing Diancie fainted!<br></div><div class="spacer battle-history"><br></div><div class="battle-history">Ultair sent out <strong>Starmie</strong>!<br></div><div class="spacer battle-history"><br></div><h2 class="battle-history">Turn 57</h2><div class="chat chatmessage-ultair"><strong style="color:#3a9240"><span class="username"><small class="groupsymbol">☆</small>Ultair</span>:</strong> <em>gg</em></div><div class="spacer battle-history"><br></div><div class="battle-history">The opposing Starmie used <strong>Psyshock</strong>!<br></div><div class="battle-history"><small>It's not very effective...</small><br></div><div class="battle-history"><small>(Sliggoo lost 14% of its health!)</small><br></div><div class="spacer battle-history"><br></div><div class="battle-history">Sliggoo used <strong>Flash Cannon</strong>!<br></div><div class="battle-history"><small>It's not very effective...</small><br></div><div class="battle-history"><small>(The opposing Starmie lost 18% of its health!)</small><br></div><div class="spacer battle-history"><br></div><h2 class="battle-history">Turn 58</h2><div class="spacer battle-history"><br></div><div class="battle-history">The opposing Starmie used <strong>Psyshock</strong>!<br></div><div class="battle-history"><small>It's not very effective...</small><br></div><div class="battle-history"><small>(Sliggoo lost 14% of its health!)</small><br></div><div class="spacer battle-history"><br></div><div class="battle-history">Sliggoo used <strong>Flash Cannon</strong>!<br></div><div class="battle-history"><small>It's not very effective...</small><br></div><div class="battle-history"><small>(The opposing Starmie lost 17% of its health!)</small><br></div><div class="spacer battle-history"><br></div><div class="battle-history">The opposing Starmie fainted!<br></div><div class="spacer battle-history"><br></div><div class="battle-history">Ultair sent out Thundurus (<strong>Thundurus-Therian</strong>)!<br></div><div class="spacer battle-history"><br></div><h2 class="battle-history">Turn 59</h2><div class="spacer battle-history"><br></div><div class="battle-history">The opposing Thundurus used <strong>Thunderbolt</strong>!<br></div><div class="battle-history"><small>It's not very effective...</small><br></div><div class="battle-history"><small>(Sliggoo lost 12% of its health!)</small><br></div><div class="battle-history"><small>Sliggoo is paralyzed! It may be unable to move!</small><br></div><div class="spacer battle-history"><br></div><div class="battle-history">Sliggoo used <strong>Rest</strong>!<br></div><div class="battle-history"><small>Sliggoo slept and became healthy!</small><br></div><div class="spacer battle-history"><br></div><h2 class="battle-history">Turn 60</h2><div class="spacer battle-history"><br></div><div class="battle-history">The opposing Thundurus used <strong>Thunderbolt</strong>!<br></div><div class="battle-history"><small>It's not very effective...</small><br></div><div class="battle-history"><small>(Sliggoo lost 12% of its health!)</small><br></div><div class="spacer battle-history"><br></div><div class="battle-history">Sliggoo is fast asleep.<br></div><div class="spacer battle-history"><br></div><div class="battle-history">Sliggoo used <strong>Sleep Talk</strong>!<br></div><div class="spacer battle-history"><br></div><div class="battle-history">Sliggoo used <strong>Flash Cannon</strong>!<br></div><div class="battle-history"><small>It's not very effective...</small><br></div><div class="battle-history"><small>(The opposing Thundurus lost 16% of its health!)</small><br></div><div class="spacer battle-history"><br></div><h2 class="battle-history">Turn 61</h2><div class="spacer battle-history"><br></div><div class="battle-history">The opposing Thundurus used <strong>Thunderbolt</strong>!<br></div><div class="battle-history"><small>It's not very effective...</small><br></div><div class="battle-history"><small>(Sliggoo lost 12% of its health!)</small><br></div><div class="spacer battle-history"><br></div><div class="battle-history">Sliggoo is fast asleep.<br></div><div class="spacer battle-history"><br></div><div class="battle-history">Sliggoo used <strong>Sleep Talk</strong>!<br></div><div class="spacer battle-history"><br></div><div class="battle-history">Sliggoo used <strong>Ice Beam</strong>!<br></div><div class="battle-history"><small>It's super effective!</small><br></div><div class="battle-history"><small>(The opposing Thundurus lost 48% of its health!)</small><br></div><div class="spacer battle-history"><br></div><h2 class="battle-history">Turn 62</h2><div class="spacer battle-history"><br></div><div class="battle-history">The opposing Thundurus used <strong>Thunderbolt</strong>!<br></div><div class="battle-history"><small>It's not very effective...</small><br></div><div class="battle-history"><small>(Sliggoo lost 12% of its health!)</small><br></div><div class="battle-history"><small>Sliggoo woke up!</small><br></div><div class="spacer battle-history"><br></div><div class="battle-history">Sliggoo used <strong>Ice Beam</strong>!<br></div><div class="battle-history"><small>It's super effective!</small><br></div><div class="battle-history"><small>(The opposing Thundurus lost 5% of its health!)</small><br></div><div class="spacer battle-history"><br></div><div class="battle-history">The opposing Thundurus fainted!<br></div><div class="spacer battle-history"><br></div><div class="battle-history"><strong>ryan700123</strong> won the battle!<br></div><div class="chat"><small class="gray">☆Ultair left</small></div><div class="chat chatmessage-ryan700123"><strong style="color:#4c9121"><span class="username"><small class="groupsymbol">☆</small>ryan700123</span>:</strong> <em>gg</em></div></div><div class="inner-preempt message-log"></div></div></div>
</div>
<script>
let daily = Math.floor(Date.now()/1000/60/60/24);document.write('<script src="https://play.pokemonshowdown.com/js/replay-embed.js?version'+daily+'"></'+'script>');
</script>
