<!DOCTYPE html>
<meta charset="utf-8" />
<!-- version 1 -->
<title>[Gen 9] NatDex Draft replay: Crown Oji vs. phantom0rion</title>
<style>
html,body {font-family:Verdana, sans-serif;font-size:10pt;margin:0;padding:0;}body{padding:12px 0;} .battle-log {font-family:Verdana, sans-serif;font-size:10pt;} .battle-log-inline {border:1px solid #AAAAAA;background:#EEF2F5;color:black;max-width:640px;margin:0 auto 80px;padding-bottom:5px;} .battle-log .inner {padding:4px 8px 0px 8px;} .battle-log .inner-preempt {padding:0 8px 4px 8px;} .battle-log .inner-after {margin-top:0.5em;} .battle-log h2 {margin:0.5em -8px;padding:4px 8px;border:1px solid #AAAAAA;background:#E0E7EA;border-left:0;border-right:0;font-family:Verdana, sans-serif;font-size:13pt;} .battle-log .chat {vertical-align:middle;padding:3px 0 3px 0;font-size:8pt;} .battle-log .chat strong {color:#40576A;} .battle-log .chat em {padding:1px 4px 1px 3px;color:#000000;font-style:normal;} .chat.mine {background:rgba(0,0,0,0.05);margin-left:-8px;margin-right:-8px;padding-left:8px;padding-right:8px;} .spoiler {color:#BBBBBB;background:#BBBBBB;padding:0px 3px;} .spoiler:hover, .spoiler:active, .spoiler-shown {color:#000000;background:#E2E2E2;padding:0px 3px;} .spoiler a {color:#BBBBBB;} .spoiler:hover a, .spoiler:active a, .spoiler-shown a {color:#2288CC;} .chat code, .chat .spoiler:hover code, .chat .spoiler:active code, .chat .spoiler-shown code {border:1px solid #C0C0C0;background:#EEEEEE;color:black;padding:0 2px;} .chat .spoiler code {border:1px solid #CCCCCC;background:#CCCCCC;color:#CCCCCC;} .battle-log .rated {padding:3px 4px;} .battle-log .rated strong {color:white;background:#89A;padding:1px 4px;border-radius:4px;} .spacer {margin-top:0.5em;} .message-announce {background:#6688AA;color:white;padding:1px 4px 2px;} .message-announce a, .broadcast-green a, .broadcast-blue a, .broadcast-red a {color:#DDEEFF;} .broadcast-green {background-color:#559955;color:white;padding:2px 4px;} .broadcast-blue {background-color:#6688AA;color:white;padding:2px 4px;} .infobox {border:1px solid #6688AA;padding:2px 4px;} .infobox-limited {max-height:200px;overflow:auto;overflow-x:hidden;} .broadcast-red {background-color:#AA5544;color:white;padding:2px 4px;} .message-learn-canlearn {font-weight:bold;color:#228822;text-decoration:underline;} .message-learn-cannotlearn {font-weight:bold;color:#CC2222;text-decoration:underline;} .message-effect-weak {font-weight:bold;color:#CC2222;} .message-effect-resist {font-weight:bold;color:#6688AA;} .message-effect-immune {font-weight:bold;color:#666666;} .message-learn-list {margin-top:0;margin-bottom:0;} .message-throttle-notice, .message-error {color:#992222;} .message-overflow, .chat small.message-overflow {font-size:0pt;} .message-overflow::before {font-size:9pt;content:'...';} .subtle {color:#3A4A66;}
</style>
<div class="wrapper replay-wrapper" style="max-width:1180px;margin:0 auto">
<input type="hidden" name="replayid" value="gen9natdexdraft-2628746527" />
<div class="battle"></div><div class="battle-log"></div><div class="replay-controls"></div><div class="replay-controls-2"></div>
<h1 style="font-weight:normal;text-align:center"><strong>[Gen 9] NatDex Draft</strong><br /><a href="http://pokemonshowdown.com/users/crownoji" class="subtle" target="_blank">Crown Oji</a> vs. <a href="http://pokemonshowdown.com/users/phantom0rion" class="subtle" target="_blank">phantom0rion</a></h1>
<script type="text/plain" class="battle-log-data">
|j|☆Crown Oji
|j|☆phantom0rion
|t:|1781050202
|gametype|singles
|player|p1|Crown Oji|101|
|player|p2|phantom0rion|miku-grass|
|gen|9
|tier|[Gen 9] NatDex Draft
|rule|Tera Type Preview: Tera Types are shown at Team Preview
|rule|Sleep Clause Mod: Limit one foe put to sleep
|rule|OHKO Clause: OHKO moves are banned
|rule|Evasion Clause: Evasion abilities, items, and moves are banned
|rule|Evasion Abilities Clause: Evasion abilities are banned
|rule|Evasion Items Clause: Evasion items are banned
|rule|Evasion Moves Clause: Evasion moves are banned
|rule|Endless Battle Clause: Forcing endless battles is banned
|rule|HP Percentage Mod: HP is shown in percentages
|raw|<div class="infobox"><details class="readmore" open><summary><strong>1 custom rule:<\/strong><\/summary> Tera Type Preview<\/details><\/div>
|clearpoke
|poke|p1|Sylveon, F|
|poke|p1|Aegislash, M|
|poke|p1|Araquanid, F|
|poke|p1|Lycanroc, M|
|poke|p1|Donphan, F|
|poke|p1|Moltres|
|poke|p2|Nidoking, M|
|poke|p2|Ninetales-Alola, M|
|poke|p2|Silvally-*|
|poke|p2|Cobalion|
|poke|p2|Umbreon, F|
|poke|p2|Mesprit|
|raw|Crown Oji's Tera Types:<br \/><psicon pokemon="sylveon" \/><psicon type="Ground" \/> \/ <psicon pokemon="aegislash" \/><psicon type="Steel" \/> \/ <psicon pokemon="araquanid" \/><psicon type="Water" \/> \/ <psicon pokemon="lycanroc" \/><psicon type="Rock" \/> \/ <psicon pokemon="donphan" \/><psicon type="Ground" \/> \/ <psicon pokemon="moltres" \/><psicon type="Fire" \/>
|raw|phantom0rion's Tera Types:<br \/><psicon pokemon="nidoking" \/><psicon type="Poison" \/> \/ <psicon pokemon="ninetalesalola" \/><psicon type="Ice" \/> \/ <psicon pokemon="silvallywater" \/><psicon type="Bug" \/> \/ <psicon pokemon="cobalion" \/><psicon type="Ghost" \/> \/ <psicon pokemon="umbreon" \/><psicon type="Dark" \/> \/ <psicon pokemon="mesprit" \/><psicon type="Water" \/>
|teampreview
|inactive|Battle timer is ON: inactive players will automatically lose when time's up. (requested by phantom0rion)
|inactiveoff|Battle timer is now OFF.
|c|☆phantom0rion|hf
|c|☆Crown Oji|u2
|j| serendipidu
|j| Doctashock
|j| 25Days
|j| foodss
|c| foodss|anyone here ever try el pollo loco
|
|t:|1781050287
|teamsize|p1|6
|teamsize|p2|6
|start
|switch|p1a: Terminate|Araquanid, F|100\/100
|switch|p2a: CHRISTIAN'S DIOR|Silvally-Water|100\/100
|turn|1
|
|t:|1781050310
|move|p2a: CHRISTIAN'S DIOR|Toxic|p1a: Terminate
|-status|p1a: Terminate|tox
|move|p1a: Terminate|Toxic|p2a: CHRISTIAN'S DIOR
|-status|p2a: CHRISTIAN'S DIOR|tox
|
|-damage|p2a: CHRISTIAN'S DIOR|94\/100 tox|[from] psn
|-damage|p1a: Terminate|94\/100 tox|[from] psn
|upkeep
|turn|2
|
|t:|1781050363
|move|p2a: CHRISTIAN'S DIOR|Multi-Attack|p1a: Terminate
|-resisted|p1a: Terminate
|-damage|p1a: Terminate|72\/100 tox
|move|p1a: Terminate|Surf|p2a: CHRISTIAN'S DIOR
|-resisted|p2a: CHRISTIAN'S DIOR
|-damage|p2a: CHRISTIAN'S DIOR|79\/100 tox
|
|-heal|p1a: Terminate|78\/100 tox|[from] item: Leftovers
|-damage|p2a: CHRISTIAN'S DIOR|67\/100 tox|[from] psn
|-damage|p1a: Terminate|66\/100 tox|[from] psn
|upkeep
|turn|3
|j| ChillerFrost
|
|t:|1781050438
|switch|p1a: Rhik|Aegislash, M|100\/100
|move|p2a: CHRISTIAN'S DIOR|Parting Shot|p1a: Rhik
|-unboost|p1a: Rhik|atk|1
|-unboost|p1a: Rhik|spa|1
|
|t:|1781050515
|switch|p2a: cat|Mesprit|100\/100|[from] Parting Shot
|
|upkeep
|turn|4
|
|t:|1781050529
|move|p2a: cat|Knock Off|p1a: Rhik
|-supereffective|p1a: Rhik
|-damage|p1a: Rhik|66\/100
|-enditem|p1a: Rhik|Leftovers|[from] move: Knock Off|[of] p2a: cat
|move|p1a: Rhik|Substitute|p1a: Rhik
|-start|p1a: Rhik|Substitute
|-damage|p1a: Rhik|41\/100
|
|upkeep
|turn|5
|
|t:|1781050587
|switch|p2a: MY BAGEL IS JEWISH|Ninetales-Alola, M|100\/100
|-weather|Snowscape|[from] ability: Snow Warning|[of] p2a: MY BAGEL IS JEWISH
|-formechange|p1a: Rhik|Aegislash-Blade||[from] ability: Stance Change
|move|p1a: Rhik|Shadow Ball|p2a: MY BAGEL IS JEWISH
|-damage|p2a: MY BAGEL IS JEWISH|74\/100
|
|-weather|Snowscape|[upkeep]
|upkeep
|turn|6
|
|t:|1781050596
|move|p2a: MY BAGEL IS JEWISH|Encore|p1a: Rhik
|-start|p1a: Rhik|Encore
|move|p1a: Rhik|Shadow Ball|p2a: MY BAGEL IS JEWISH
|-damage|p2a: MY BAGEL IS JEWISH|47\/100
|-unboost|p2a: MY BAGEL IS JEWISH|spd|1
|
|-weather|Snowscape|[upkeep]
|upkeep
|turn|7
|
|t:|1781050605
|move|p2a: MY BAGEL IS JEWISH|Aurora Veil|p2a: MY BAGEL IS JEWISH
|-sidestart|p2: phantom0rion|move: Aurora Veil
|move|p1a: Rhik|Shadow Ball|p2a: MY BAGEL IS JEWISH
|-damage|p2a: MY BAGEL IS JEWISH|25\/100
|
|-weather|Snowscape|[upkeep]
|upkeep
|turn|8
|
|t:|1781050620
|switch|p2a: dog|Umbreon, F|100\/100
|move|p1a: Rhik|Shadow Ball|p2a: dog
|-resisted|p2a: dog
|-damage|p2a: dog|96\/100
|
|-weather|Snowscape|[upkeep]
|-heal|p2a: dog|100\/100|[from] item: Leftovers
|-end|p1a: Rhik|Encore
|upkeep
|turn|9
|
|t:|1781050628
|move|p2a: dog|Protect|p2a: dog
|-singleturn|p2a: dog|Protect
|move|p1a: Rhik|Toxic|p2a: dog
|-activate|p2a: dog|move: Protect
|
|-weather|none
|upkeep
|turn|10
|
|t:|1781050631
|switch|p2a: KNICKS IN 5|Cobalion|100\/100
|move|p1a: Rhik|Toxic|p2a: KNICKS IN 5
|-immune|p2a: KNICKS IN 5
|
|upkeep
|turn|11
|
|t:|1781050636
|switch|p1a: Beth|Donphan, F|100\/100
|move|p2a: KNICKS IN 5|Swords Dance|p2a: KNICKS IN 5
|-boost|p2a: KNICKS IN 5|atk|2
|
|upkeep
|turn|12
|
|t:|1781050691
|-terastallize|p2a: KNICKS IN 5|Ghost
|move|p2a: KNICKS IN 5|Tera Blast|p1a: Beth|[anim] Tera Blast Ghost
|-damage|p1a: Beth|67\/100
|move|p1a: Beth|Earthquake|p2a: KNICKS IN 5
|-damage|p2a: KNICKS IN 5|83\/100
|
|-heal|p2a: KNICKS IN 5|89\/100|[from] item: Leftovers
|-heal|p1a: Beth|73\/100|[from] item: Leftovers
|upkeep
|turn|13
|
|t:|1781050781
|switch|p2a: MY BAGEL IS JEWISH|Ninetales-Alola, M|25\/100
|-weather|Snowscape|[from] ability: Snow Warning|[of] p2a: MY BAGEL IS JEWISH
|move|p1a: Beth|Earthquake|p2a: MY BAGEL IS JEWISH
|-damage|p2a: MY BAGEL IS JEWISH|8\/100
|
|-weather|Snowscape|[upkeep]
|-heal|p1a: Beth|79\/100|[from] item: Leftovers
|upkeep
|turn|14
|
|t:|1781050788
|switch|p1a: Rhik|Aegislash, M|41\/100
|move|p2a: MY BAGEL IS JEWISH|Freeze-Dry|p1a: Rhik
|-resisted|p1a: Rhik
|-damage|p1a: Rhik|35\/100
|
|-weather|Snowscape|[upkeep]
|-sideend|p2: phantom0rion|move: Aurora Veil
|upkeep
|turn|15
|
|t:|1781050798
|move|p2a: MY BAGEL IS JEWISH|Aurora Veil|p2a: MY BAGEL IS JEWISH
|-sidestart|p2: phantom0rion|move: Aurora Veil
|-formechange|p1a: Rhik|Aegislash-Blade||[from] ability: Stance Change
|move|p1a: Rhik|Shadow Ball|p2a: MY BAGEL IS JEWISH
|-damage|p2a: MY BAGEL IS JEWISH|0 fnt
|faint|p2a: MY BAGEL IS JEWISH
|
|-weather|Snowscape|[upkeep]
|upkeep
|
|t:|1781050807
|switch|p2a: KNICKS IN 5|Cobalion, tera:Ghost|89\/100
|turn|16
|
|t:|1781050847
|move|p2a: KNICKS IN 5|Tera Blast|p1a: Rhik|[anim] Tera Blast Ghost
|-supereffective|p1a: Rhik
|-damage|p1a: Rhik|0 fnt
|faint|p1a: Rhik
|
|-weather|Snowscape|[upkeep]
|-heal|p2a: KNICKS IN 5|96\/100|[from] item: Leftovers
|upkeep
|
|t:|1781050853
|switch|p1a: Beth|Donphan, F|79\/100
|turn|17
|
|t:|1781050864
|switch|p2a: CHRISTIAN'S DIOR|Silvally-Water|67\/100 tox
|move|p1a: Beth|Toxic|p2a: CHRISTIAN'S DIOR
|-fail|p2a: CHRISTIAN'S DIOR|tox
|
|-weather|none
|-heal|p1a: Beth|85\/100|[from] item: Leftovers
|-damage|p2a: CHRISTIAN'S DIOR|61\/100 tox|[from] psn
|upkeep
|turn|18
|
|t:|1781050867
|move|p2a: CHRISTIAN'S DIOR|Multi-Attack|p1a: Beth
|-supereffective|p1a: Beth
|-damage|p1a: Beth|39\/100
|move|p1a: Beth|Stealth Rock|p2a: CHRISTIAN'S DIOR
|-sidestart|p2: phantom0rion|move: Stealth Rock
|
|-heal|p1a: Beth|45\/100|[from] item: Leftovers
|-damage|p2a: CHRISTIAN'S DIOR|49\/100 tox|[from] psn
|upkeep
|turn|19
|
|t:|1781050879
|switch|p1a: Terminate|Araquanid, F|66\/100 tox
|move|p2a: CHRISTIAN'S DIOR|Multi-Attack|p1a: Terminate
|-resisted|p1a: Terminate
|-damage|p1a: Terminate|44\/100 tox
|
|-heal|p1a: Terminate|50\/100 tox|[from] item: Leftovers
|-damage|p2a: CHRISTIAN'S DIOR|30\/100 tox|[from] psn
|-damage|p1a: Terminate|44\/100 tox|[from] psn
|upkeep
|turn|20
|
|t:|1781050901
|move|p2a: CHRISTIAN'S DIOR|Defog|p1a: Terminate
|-unboost|p1a: Terminate|evasion|1
|-sideend|p2: phantom0rion|Stealth Rock|[from] move: Defog|[of] p2a: CHRISTIAN'S DIOR
|move|p1a: Terminate|Surf|p2a: CHRISTIAN'S DIOR
|-resisted|p2a: CHRISTIAN'S DIOR
|-damage|p2a: CHRISTIAN'S DIOR|22\/100 tox
|
|-heal|p1a: Terminate|50\/100 tox|[from] item: Leftovers
|-damage|p2a: CHRISTIAN'S DIOR|0 fnt|[from] psn
|faint|p2a: CHRISTIAN'S DIOR
|-damage|p1a: Terminate|37\/100 tox|[from] psn
|upkeep
|
|t:|1781050910
|switch|p2a: MY MAYOR IS MUSLIM|Nidoking, M|100\/100
|-item|p2a: MY MAYOR IS MUSLIM|Air Balloon
|turn|21
|
|t:|1781050945
|move|p2a: MY MAYOR IS MUSLIM|Thunderbolt|p1a: Terminate
|-supereffective|p1a: Terminate
|-damage|p1a: Terminate|3\/100 tox
|move|p1a: Terminate|Surf|p2a: MY MAYOR IS MUSLIM
|-supereffective|p2a: MY MAYOR IS MUSLIM
|-damage|p2a: MY MAYOR IS MUSLIM|57\/100
|-enditem|p2a: MY MAYOR IS MUSLIM|Air Balloon
|
|-heal|p1a: Terminate|9\/100 tox|[from] item: Leftovers
|-damage|p1a: Terminate|0 fnt|[from] psn
|faint|p1a: Terminate
|upkeep
|
|t:|1781051015
|switch|p1a: Romeo|Moltres|100\/100
|turn|22
|c| ChillerFrost|hey why isnt Mesprit's name 'KAT' instead?
|
|t:|1781051122
|move|p1a: Romeo|U-turn|p2a: MY MAYOR IS MUSLIM
|-resisted|p2a: MY MAYOR IS MUSLIM
|-damage|p2a: MY MAYOR IS MUSLIM|53\/100
|
|t:|1781051126
|switch|p1a: Beth|Donphan, F|45\/100|[from] U-turn
|move|p2a: MY MAYOR IS MUSLIM|Thunderbolt|p1a: Beth
|-immune|p1a: Beth
|
|-heal|p1a: Beth|51\/100|[from] item: Leftovers
|-sideend|p2: phantom0rion|move: Aurora Veil
|upkeep
|turn|23
|
|t:|1781051133
|move|p2a: MY MAYOR IS MUSLIM|Ice Beam|p1a: Beth
|-supereffective|p1a: Beth
|-damage|p1a: Beth|0 fnt
|faint|p1a: Beth
|
|upkeep
|
|t:|1781051137
|switch|p1a: Jeff|Lycanroc, M|100\/100
|turn|24
|
|t:|1781051181
|move|p1a: Jeff|Drill Run|p2a: MY MAYOR IS MUSLIM
|-supereffective|p2a: MY MAYOR IS MUSLIM
|-damage|p2a: MY MAYOR IS MUSLIM|4\/100
|move|p2a: MY MAYOR IS MUSLIM|Earth Power|p1a: Jeff
|-supereffective|p1a: Jeff
|-damage|p1a: Jeff|0 fnt
|faint|p1a: Jeff
|
|upkeep
|
|t:|1781051192
|switch|p1a: Romeo|Moltres|100\/100
|turn|25
|
|t:|1781051200
|move|p1a: Romeo|Flamethrower|p2a: MY MAYOR IS MUSLIM
|-damage|p2a: MY MAYOR IS MUSLIM|0 fnt
|faint|p2a: MY MAYOR IS MUSLIM
|
|upkeep
|
|t:|1781051265
|switch|p2a: dog|Umbreon, F|100\/100
|turn|26
|
|t:|1781051298
|move|p1a: Romeo|Flamethrower|p2a: dog
|-damage|p2a: dog|67\/100
|move|p2a: dog|Toxic|p1a: Romeo
|-status|p1a: Romeo|tox
|
|-heal|p2a: dog|73\/100|[from] item: Leftovers
|-damage|p1a: Romeo|94\/100 tox|[from] psn
|upkeep
|turn|27
|
|t:|1781051334
|move|p1a: Romeo|Flamethrower|p2a: dog
|-damage|p2a: dog|41\/100
|move|p2a: dog|Toxic|p1a: Romeo
|-fail|p1a: Romeo|tox
|
|-heal|p2a: dog|47\/100|[from] item: Leftovers
|-damage|p1a: Romeo|82\/100 tox|[from] psn
|upkeep
|turn|28
|
|t:|1781051338
|move|p2a: dog|Protect|p2a: dog
|-singleturn|p2a: dog|Protect
|move|p1a: Romeo|U-turn|p2a: dog
|-activate|p2a: dog|move: Protect
|
|-heal|p2a: dog|53\/100|[from] item: Leftovers
|-damage|p1a: Romeo|63\/100 tox|[from] psn
|upkeep
|turn|29
|c| 25Days|im literally on the edge of my seat rn
|c| foodss|thats a whole lotta seat
|
|t:|1781051443
|move|p1a: Romeo|Flamethrower||[still]
|-damage|p2a: dog|21\/100
|-status|p2a: dog|brn
|-activate|p2a: dog|ability: Synchronize
|-fail|p2a: dog
|move|p2a: dog|Toxic|p1a: Romeo
|-fail|p1a: Romeo|tox
|
|-heal|p2a: dog|27\/100 brn|[from] item: Leftovers
|-damage|p1a: Romeo|38\/100 tox|[from] psn
|-damage|p2a: dog|21\/100 brn|[from] brn
|upkeep
|turn|30
|
|t:|1781051469
|switch|p1a: Anagram|Sylveon, F, shiny|100\/100
|move|p2a: dog|Toxic|p1a: Anagram|[miss]
|-miss|p2a: dog|p1a: Anagram
|
|-heal|p2a: dog|27\/100 brn|[from] item: Leftovers
|-damage|p2a: dog|21\/100 brn|[from] brn
|upkeep
|turn|31
|
|t:|1781051483
|move|p1a: Anagram|Moonblast|p2a: dog
|-supereffective|p2a: dog
|-damage|p2a: dog|0 fnt
|faint|p2a: dog
|
|upkeep
|
|t:|1781051526
|switch|p2a: KNICKS IN 5|Cobalion, tera:Ghost|96\/100
|turn|32
|
|t:|1781051622
|-terastallize|p1a: Anagram|Ground
|move|p1a: Anagram|Moonblast|p2a: KNICKS IN 5
|-damage|p2a: KNICKS IN 5|45\/100
|-unboost|p2a: KNICKS IN 5|spa|1
|move|p2a: KNICKS IN 5|Heavy Slam|p1a: Anagram
|-damage|p1a: Anagram|40\/100
|
|-heal|p2a: KNICKS IN 5|51\/100|[from] item: Leftovers
|upkeep
|turn|33
|
|t:|1781051700
|move|p1a: Anagram|Moonblast|p2a: KNICKS IN 5
|-damage|p2a: KNICKS IN 5|0 fnt
|faint|p2a: KNICKS IN 5
|
|upkeep
|
|t:|1781051707
|switch|p2a: cat|Mesprit|100\/100
|turn|34
|
|t:|1781051713
|move|p1a: Anagram|Moonblast|p2a: cat
|-damage|p2a: cat|62\/100
|move|p2a: cat|Psychic Noise|p1a: Anagram
|-damage|p1a: Anagram|19\/100
|-start|p1a: Anagram|move: Heal Block
|
|upkeep
|turn|35
|
|t:|1781051719
|move|p1a: Anagram|Moonblast|p2a: cat
|-damage|p2a: cat|19\/100
|-unboost|p2a: cat|spa|1
|-enditem|p2a: cat|Sitrus Berry|[eat]
|-heal|p2a: cat|44\/100|[from] item: Sitrus Berry
|move|p2a: cat|Psychic Noise|p1a: Anagram
|-damage|p1a: Anagram|4\/100
|
|-end|p1a: Anagram|move: Heal Block
|upkeep
|turn|36
|
|t:|1781051737
|move|p1a: Anagram|Moonblast|p2a: cat
|-damage|p2a: cat|5\/100
|-unboost|p2a: cat|spa|1
|move|p2a: cat|Psychic Noise|p1a: Anagram
|-damage|p1a: Anagram|0 fnt
|faint|p1a: Anagram
|
|upkeep
|
|t:|1781051739
|switch|p1a: Romeo|Moltres|38\/100 tox
|turn|37
|
|t:|1781051742
|move|p1a: Romeo|Flamethrower|p2a: cat
|-damage|p2a: cat|0 fnt
|faint|p2a: cat
|
|win|Crown Oji
|c|☆phantom0rion|gg
|c|☆Crown Oji|gg
|c| serendipidu|gg
|c|☆Crown Oji|mesprit set?
|c| serendipidu|just defensive
|c|☆phantom0rion|rocks
|c|☆Crown Oji|ah
|l| serendipidu
|l|☆Crown Oji
|player|p1|

</script>
</div>
<div class="battle-log battle-log-inline"><div class="inner"><div class="battle-options"></div><div class="inner message-log"><div class="chat"><small class="gray">☆Crown Oji and ☆phantom0rion joined</small></div><div class=""><small>Format:</small> <br><strong>[Gen 9] NatDex Draft</strong></div><div class=""><small><em>Tera Type Preview:</em> Tera Types are shown at Team Preview</small></div><div class=""><small><em>Sleep Clause Mod:</em> Limit one foe put to sleep</small></div><div class=""><small><em>OHKO Clause:</em> OHKO moves are banned</small></div><div class=""><small><em>Evasion Clause:</em> Evasion abilities, items, and moves are banned</small></div><div class=""><small><em>Evasion Abilities Clause:</em> Evasion abilities are banned</small></div><div class=""><small><em>Evasion Items Clause:</em> Evasion items are banned</small></div><div class=""><small><em>Evasion Moves Clause:</em> Evasion moves are banned</small></div><div class=""><small><em>Endless Battle Clause:</em> Forcing endless battles is banned</small></div><div class=""><small><em>HP Percentage Mod:</em> HP is shown in percentages</small></div><div class="chat"><div class="infobox"><details class="readmore" open=""><summary><strong>1 custom rule:</strong></summary> Tera Type Preview</details></div></div><div class="chat">Crown Oji's Tera Types:<br><span class="picon" style="background:transparent url(https://play.pokemonshowdown.com/sprites/pokemonicons-sheet.png?v22) no-repeat scroll -160px -1740px"></span><img src="https://play.pokemonshowdown.com/sprites/types/Ground.png" alt="Ground" height="14" width="32" class="pixelated"> / <span class="picon" style="background:transparent url(https://play.pokemonshowdown.com/sprites/pokemonicons-sheet.png?v22) no-repeat scroll -360px -1680px"></span><img src="https://play.pokemonshowdown.com/sprites/types/Steel.png" alt="Steel" height="14" width="32" class="pixelated"> / <span class="picon" style="background:transparent url(https://play.pokemonshowdown.com/sprites/pokemonicons-sheet.png?v22) no-repeat scroll -320px -1860px"></span><img src="https://play.pokemonshowdown.com/sprites/types/Water.png" alt="Water" height="14" width="32" class="pixelated"> / <span class="picon" style="background:transparent url(https://play.pokemonshowdown.com/sprites/pokemonicons-sheet.png?v22) no-repeat scroll -40px -1860px"></span><img src="https://play.pokemonshowdown.com/sprites/types/Rock.png" alt="Rock" height="14" width="32" class="pixelated"> / <span class="picon" style="background:transparent url(https://play.pokemonshowdown.com/sprites/pokemonicons-sheet.png?v22) no-repeat scroll -160px -570px"></span><img src="https://play.pokemonshowdown.com/sprites/types/Ground.png" alt="Ground" height="14" width="32" class="pixelated"> / <span class="picon" style="background:transparent url(https://play.pokemonshowdown.com/sprites/pokemonicons-sheet.png?v22) no-repeat scroll -80px -360px"></span><img src="https://play.pokemonshowdown.com/sprites/types/Fire.png" alt="Fire" height="14" width="32" class="pixelated"></div><div class="chat">phantom0rion's Tera Types:<br><span class="picon" style="background:transparent url(https://play.pokemonshowdown.com/sprites/pokemonicons-sheet.png?v22) no-repeat scroll -400px -60px"></span><img src="https://play.pokemonshowdown.com/sprites/types/Poison.png" alt="Poison" height="14" width="32" class="pixelated"> / <span class="picon" style="background:transparent url(https://play.pokemonshowdown.com/sprites/pokemonicons-sheet.png?v22) no-repeat scroll -200px -2880px"></span><img src="https://play.pokemonshowdown.com/sprites/types/Ice.png" alt="Ice" height="14" width="32" class="pixelated"> / <span class="picon" style="background:transparent url(https://play.pokemonshowdown.com/sprites/pokemonicons-sheet.png?v22) no-repeat scroll -280px -3270px"></span><img src="https://play.pokemonshowdown.com/sprites/types/Bug.png" alt="Bug" height="14" width="32" class="pixelated"> / <span class="picon" style="background:transparent url(https://play.pokemonshowdown.com/sprites/pokemonicons-sheet.png?v22) no-repeat scroll -80px -1590px"></span><img src="https://play.pokemonshowdown.com/sprites/types/Ghost.png" alt="Ghost" height="14" width="32" class="pixelated"> / <span class="picon" style="background:transparent url(https://play.pokemonshowdown.com/sprites/pokemonicons-sheet.png?v22) no-repeat scroll -200px -480px"></span><img src="https://play.pokemonshowdown.com/sprites/types/Dark.png" alt="Dark" height="14" width="32" class="pixelated"> / <span class="picon" style="background:transparent url(https://play.pokemonshowdown.com/sprites/pokemonicons-sheet.png?v22) no-repeat scroll -40px -1200px"></span><img src="https://play.pokemonshowdown.com/sprites/types/Water.png" alt="Water" height="14" width="32" class="pixelated"></div><div class="chat battle-history"><strong>Crown Oji's team:</strong> <em style="color:#445566;display:block;">Sylveon / Aegislash / Araquanid / Lycanroc / Donphan / Moltres</em></div><div class="chat battle-history"><strong>phantom0rion's team:</strong> <em style="color:#445566;display:block;">Nidoking / Ninetales-Alola / Silvally-* / Cobalion / Umbreon / Mesprit</em></div><div class="chat message-error">Battle timer is ON: inactive players will automatically lose when time's up. (requested by phantom0rion)</div><div class="chat message-error">Battle timer is now OFF.</div><div class="chat chatmessage-phantom0rion"><strong style="color:#0aa74e"><span class="username"><small class="groupsymbol">☆</small>phantom0rion</span>:</strong> <em>hf</em></div><div class="chat chatmessage-crownoji"><strong style="color:#bf1d4a"><span class="username"><small class="groupsymbol">☆</small>Crown Oji</span>:</strong> <em>u2</em></div><div class="chat"><small class="gray"> serendipidu,  Doctashock,  25Days, and  foodss joined</small></div><div class="chat chatmessage-foodss"><strong style="color:#997c37"><span class="username"><small class="groupsymbol"> </small>foodss</span>:</strong> <em>anyone here ever try el pollo loco</em></div><div class="spacer battle-history"><br></div><div class="battle-history">Battle started between Crown Oji and phantom0rion!<br></div><div class="spacer battle-history"><br></div><div class="battle-history">Go! Terminate (<strong>Araquanid</strong>)!<br></div><div class="spacer battle-history"><br></div><div class="battle-history">phantom0rion sent out CHRISTIAN'S DIOR (<strong>Silvally-Water</strong>)!<br></div><div class="spacer battle-history"><br></div><h2 class="battle-history">Turn 1</h2><div class="spacer battle-history"><br></div><div class="battle-history">The opposing CHRISTIAN'S DIOR used <strong>Toxic</strong>!<br></div><div class="battle-history"><small>Terminate was badly poisoned!</small><br></div><div class="spacer battle-history"><br></div><div class="battle-history">Terminate used <strong>Toxic</strong>!<br></div><div class="battle-history"><small>The opposing CHRISTIAN'S DIOR was badly poisoned!</small><br></div><div class="spacer battle-history"><br></div><div class="battle-history"><small>The opposing CHRISTIAN'S DIOR was hurt by poison!</small><br></div><div class="battle-history"><small>Terminate was hurt by poison!</small><br></div><div class="spacer battle-history"><br></div><h2 class="battle-history">Turn 2</h2><div class="spacer battle-history"><br></div><div class="battle-history">The opposing CHRISTIAN'S DIOR used <strong>Multi-Attack</strong>!<br></div><div class="battle-history"><small>It's not very effective...</small><br></div><div class="battle-history"><small>(Terminate lost 22% of its health!)</small><br></div><div class="spacer battle-history"><br></div><div class="battle-history">Terminate used <strong>Surf</strong>!<br></div><div class="battle-history"><small>It's not very effective...</small><br></div><div class="battle-history"><small>(The opposing CHRISTIAN'S DIOR lost 15% of its health!)</small><br></div><div class="spacer battle-history"><br></div><div class="battle-history"><small>Terminate restored a little HP using its Leftovers!</small><br></div><div class="battle-history"><small>The opposing CHRISTIAN'S DIOR was hurt by poison!</small><br></div><div class="battle-history"><small>Terminate was hurt by poison!</small><br></div><div class="spacer battle-history"><br></div><h2 class="battle-history">Turn 3</h2><div class="chat"><small class="gray"> ChillerFrost joined</small></div><div class="spacer battle-history"><br></div><div class="battle-history">Terminate, come back!<br></div><div class="battle-history">Go! Rhik (<strong>Aegislash</strong>)!<br></div><div class="spacer battle-history"><br></div><div class="battle-history">The opposing CHRISTIAN'S DIOR used <strong>Parting Shot</strong>!<br></div><div class="battle-history"><small>Rhik's Attack fell!</small><br></div><div class="battle-history"><small>Rhik's Sp. Atk fell!</small><br></div><div class="spacer battle-history"><br></div><div class="battle-history">The opposing CHRISTIAN'S DIOR went back to phantom0rion!<br></div><div class="battle-history">phantom0rion sent out cat (<strong>Mesprit</strong>)!<br></div><div class="spacer battle-history"><br></div><h2 class="battle-history">Turn 4</h2><div class="spacer battle-history"><br></div><div class="battle-history">The opposing cat used <strong>Knock Off</strong>!<br></div><div class="battle-history"><small>It's super effective!</small><br></div><div class="battle-history"><small>(Rhik lost 34% of its health!)</small><br></div><div class="battle-history"><small>The opposing cat knocked off Rhik's Leftovers!</small><br></div><div class="spacer battle-history"><br></div><div class="battle-history">Rhik used <strong>Substitute</strong>!<br></div><div class="battle-history"><small>Rhik put in a substitute!</small><br></div><div class="battle-history"><small>(Rhik lost 25% of its health!)</small><br></div><div class="spacer battle-history"><br></div><h2 class="battle-history">Turn 5</h2><div class="spacer battle-history"><br></div><div class="battle-history">phantom0rion withdrew cat!<br></div><div class="battle-history">phantom0rion sent out MY BAGEL IS JEWISH (<strong>Ninetales-Alola</strong>)!<br></div><div class="battle-history">[The opposing MY BAGEL IS JEWISH's Snow Warning]<br><small>It started to snow!</small><br></div><div class="battle-history">[Rhik's Stance Change]<br>Changed to Blade Forme!<br></div><div class="spacer battle-history"><br></div><div class="battle-history">Rhik used <strong>Shadow Ball</strong>!<br></div><div class="battle-history"><small>(The opposing MY BAGEL IS JEWISH lost 26% of its health!)</small><br></div><div class="spacer battle-history"><br></div><div class="battle-history"><small>(The snow is falling down.)</small><br></div><div class="spacer battle-history"><br></div><h2 class="battle-history">Turn 6</h2><div class="spacer battle-history"><br></div><div class="battle-history">The opposing MY BAGEL IS JEWISH used <strong>Encore</strong>!<br></div><div class="battle-history"><small>Rhik must do an encore!</small><br></div><div class="spacer battle-history"><br></div><div class="battle-history">Rhik used <strong>Shadow Ball</strong>!<br></div><div class="battle-history"><small>(The opposing MY BAGEL IS JEWISH lost 27% of its health!)</small><br></div><div class="battle-history"><small>The opposing MY BAGEL IS JEWISH's Sp. Def fell!</small><br></div><div class="spacer battle-history"><br></div><div class="battle-history"><small>(The snow is falling down.)</small><br></div><div class="spacer battle-history"><br></div><h2 class="battle-history">Turn 7</h2><div class="spacer battle-history"><br></div><div class="battle-history">The opposing MY BAGEL IS JEWISH used <strong>Aurora Veil</strong>!<br></div><div class="battle-history"><small>Aurora Veil made the opposing team stronger against physical and special moves!</small><br></div><div class="spacer battle-history"><br></div><div class="battle-history">Rhik used <strong>Shadow Ball</strong>!<br></div><div class="battle-history"><small>(The opposing MY BAGEL IS JEWISH lost 22% of its health!)</small><br></div><div class="spacer battle-history"><br></div><div class="battle-history"><small>(The snow is falling down.)</small><br></div><div class="spacer battle-history"><br></div><h2 class="battle-history">Turn 8</h2><div class="spacer battle-history"><br></div><div class="battle-history">phantom0rion withdrew MY BAGEL IS JEWISH!<br></div><div class="battle-history">phantom0rion sent out dog (<strong>Umbreon</strong>)!<br></div><div class="spacer battle-history"><br></div><div class="battle-history">Rhik used <strong>Shadow Ball</strong>!<br></div><div class="battle-history"><small>It's not very effective...</small><br></div><div class="battle-history"><small>(The opposing dog lost 4% of its health!)</small><br></div><div class="spacer battle-history"><br></div><div class="battle-history"><small>(The snow is falling down.)</small><br></div><div class="battle-history"><small>The opposing dog restored a little HP using its Leftovers!</small><br></div><div class="battle-history"><small>Rhik's encore ended!</small><br></div><div class="spacer battle-history"><br></div><h2 class="battle-history">Turn 9</h2><div class="spacer battle-history"><br></div><div class="battle-history">The opposing dog used <strong>Protect</strong>!<br></div><div class="battle-history"><small>The opposing dog protected itself!</small><br></div><div class="spacer battle-history"><br></div><div class="battle-history">Rhik used <strong>Toxic</strong>!<br></div><div class="battle-history"><small>The opposing dog protected itself!</small><br></div><div class="spacer battle-history"><br></div><div class="battle-history"><small>The snow stopped.</small><br></div><div class="spacer battle-history"><br></div><h2 class="battle-history">Turn 10</h2><div class="spacer battle-history"><br></div><div class="battle-history">phantom0rion withdrew dog!<br></div><div class="battle-history">phantom0rion sent out KNICKS IN 5 (<strong>Cobalion</strong>)!<br></div><div class="spacer battle-history"><br></div><div class="battle-history">Rhik used <strong>Toxic</strong>!<br></div><div class="battle-history"><small>It doesn't affect the opposing KNICKS IN 5...</small><br></div><div class="spacer battle-history"><br></div><h2 class="battle-history">Turn 11</h2><div class="spacer battle-history"><br></div><div class="battle-history">Rhik, come back!<br></div><div class="battle-history">Go! Beth (<strong>Donphan</strong>)!<br></div><div class="spacer battle-history"><br></div><div class="battle-history">The opposing KNICKS IN 5 used <strong>Swords Dance</strong>!<br></div><div class="battle-history"><small>The opposing KNICKS IN 5's Attack rose sharply!</small><br></div><div class="spacer battle-history"><br></div><h2 class="battle-history">Turn 12</h2><div class="spacer battle-history"><br></div><div class="battle-history"><small>The opposing KNICKS IN 5 has Terastallized into the Ghost-type!</small><br></div><div class="spacer battle-history"><br></div><div class="battle-history">The opposing KNICKS IN 5 used <strong>Tera Blast</strong>!<br></div><div class="battle-history"><small>(Beth lost 33% of its health!)</small><br></div><div class="spacer battle-history"><br></div><div class="battle-history">Beth used <strong>Earthquake</strong>!<br></div><div class="battle-history"><small>(The opposing KNICKS IN 5 lost 17% of its health!)</small><br></div><div class="spacer battle-history"><br></div><div class="battle-history"><small>The opposing KNICKS IN 5 restored a little HP using its Leftovers!</small><br></div><div class="battle-history"><small>Beth restored a little HP using its Leftovers!</small><br></div><div class="spacer battle-history"><br></div><h2 class="battle-history">Turn 13</h2><div class="spacer battle-history"><br></div><div class="battle-history">phantom0rion withdrew KNICKS IN 5!<br></div><div class="battle-history">phantom0rion sent out MY BAGEL IS JEWISH (<strong>Ninetales-Alola</strong>)!<br></div><div class="battle-history">[The opposing MY BAGEL IS JEWISH's Snow Warning]<br><small>It started to snow!</small><br></div><div class="spacer battle-history"><br></div><div class="battle-history">Beth used <strong>Earthquake</strong>!<br></div><div class="battle-history"><small>(The opposing MY BAGEL IS JEWISH lost 17% of its health!)</small><br></div><div class="spacer battle-history"><br></div><div class="battle-history"><small>(The snow is falling down.)</small><br></div><div class="battle-history"><small>Beth restored a little HP using its Leftovers!</small><br></div><div class="spacer battle-history"><br></div><h2 class="battle-history">Turn 14</h2><div class="spacer battle-history"><br></div><div class="battle-history">Beth, come back!<br></div><div class="battle-history">Go! Rhik (<strong>Aegislash</strong>)!<br></div><div class="spacer battle-history"><br></div><div class="battle-history">The opposing MY BAGEL IS JEWISH used <strong>Freeze-Dry</strong>!<br></div><div class="battle-history"><small>It's not very effective...</small><br></div><div class="battle-history"><small>(Rhik lost 6% of its health!)</small><br></div><div class="spacer battle-history"><br></div><div class="battle-history"><small>(The snow is falling down.)</small><br></div><div class="battle-history"><small>The opposing team's Aurora Veil wore off!</small><br></div><div class="spacer battle-history"><br></div><h2 class="battle-history">Turn 15</h2><div class="spacer battle-history"><br></div><div class="battle-history">The opposing MY BAGEL IS JEWISH used <strong>Aurora Veil</strong>!<br></div><div class="battle-history"><small>Aurora Veil made the opposing team stronger against physical and special moves!</small><br></div><div class="battle-history">[Rhik's Stance Change]<br>Changed to Blade Forme!<br></div><div class="spacer battle-history"><br></div><div class="battle-history">Rhik used <strong>Shadow Ball</strong>!<br></div><div class="battle-history"><small>(The opposing MY BAGEL IS JEWISH lost 8% of its health!)</small><br></div><div class="spacer battle-history"><br></div><div class="battle-history">The opposing MY BAGEL IS JEWISH fainted!<br></div><div class="spacer battle-history"><br></div><div class="battle-history"><small>(The snow is falling down.)</small><br></div><div class="spacer battle-history"><br></div><div class="battle-history">phantom0rion sent out KNICKS IN 5 (<strong>Cobalion</strong>)!<br></div><div class="spacer battle-history"><br></div><h2 class="battle-history">Turn 16</h2><div class="spacer battle-history"><br></div><div class="battle-history">The opposing KNICKS IN 5 used <strong>Tera Blast</strong>!<br></div><div class="battle-history"><small>It's super effective!</small><br></div><div class="battle-history"><small>(Rhik lost 35% of its health!)</small><br></div><div class="spacer battle-history"><br></div><div class="battle-history">Rhik fainted!<br></div><div class="spacer battle-history"><br></div><div class="battle-history"><small>(The snow is falling down.)</small><br></div><div class="battle-history"><small>The opposing KNICKS IN 5 restored a little HP using its Leftovers!</small><br></div><div class="spacer battle-history"><br></div><div class="battle-history">Go! Beth (<strong>Donphan</strong>)!<br></div><div class="spacer battle-history"><br></div><h2 class="battle-history">Turn 17</h2><div class="spacer battle-history"><br></div><div class="battle-history">phantom0rion withdrew KNICKS IN 5!<br></div><div class="battle-history">phantom0rion sent out CHRISTIAN'S DIOR (<strong>Silvally-Water</strong>)!<br></div><div class="spacer battle-history"><br></div><div class="battle-history">Beth used <strong>Toxic</strong>!<br></div><div class="battle-history"><small>But it failed!</small><br></div><div class="spacer battle-history"><br></div><div class="battle-history"><small>The snow stopped.</small><br></div><div class="battle-history"><small>Beth restored a little HP using its Leftovers!</small><br></div><div class="battle-history"><small>The opposing CHRISTIAN'S DIOR was hurt by poison!</small><br></div><div class="spacer battle-history"><br></div><h2 class="battle-history">Turn 18</h2><div class="spacer battle-history"><br></div><div class="battle-history">The opposing CHRISTIAN'S DIOR used <strong>Multi-Attack</strong>!<br></div><div class="battle-history"><small>It's super effective!</small><br></div><div class="battle-history"><small>(Beth lost 46% of its health!)</small><br></div><div class="spacer battle-history"><br></div><div class="battle-history">Beth used <strong>Stealth Rock</strong>!<br></div><div class="battle-history"><small>Pointed stones float in the air around the opposing team!</small><br></div><div class="spacer battle-history"><br></div><div class="battle-history"><small>Beth restored a little HP using its Leftovers!</small><br></div><div class="battle-history"><small>The opposing CHRISTIAN'S DIOR was hurt by poison!</small><br></div><div class="spacer battle-history"><br></div><h2 class="battle-history">Turn 19</h2><div class="spacer battle-history"><br></div><div class="battle-history">Beth, come back!<br></div><div class="battle-history">Go! Terminate (<strong>Araquanid</strong>)!<br></div><div class="spacer battle-history"><br></div><div class="battle-history">The opposing CHRISTIAN'S DIOR used <strong>Multi-Attack</strong>!<br></div><div class="battle-history"><small>It's not very effective...</small><br></div><div class="battle-history"><small>(Terminate lost 22% of its health!)</small><br></div><div class="spacer battle-history"><br></div><div class="battle-history"><small>Terminate restored a little HP using its Leftovers!</small><br></div><div class="battle-history"><small>The opposing CHRISTIAN'S DIOR was hurt by poison!</small><br></div><div class="battle-history"><small>Terminate was hurt by poison!</small><br></div><div class="spacer battle-history"><br></div><h2 class="battle-history">Turn 20</h2><div class="spacer battle-history"><br></div><div class="battle-history">The opposing CHRISTIAN'S DIOR used <strong>Defog</strong>!<br></div><div class="battle-history"><small>Terminate's evasiveness fell!</small><br></div><div class="battle-history"><small>The pointed stones disappeared from around the opposing team!</small><br></div><div class="spacer battle-history"><br></div><div class="battle-history">Terminate used <strong>Surf</strong>!<br></div><div class="battle-history"><small>It's not very effective...</small><br></div><div class="battle-history"><small>(The opposing CHRISTIAN'S DIOR lost 8% of its health!)</small><br></div><div class="spacer battle-history"><br></div><div class="battle-history"><small>Terminate restored a little HP using its Leftovers!</small><br></div><div class="battle-history"><small>The opposing CHRISTIAN'S DIOR was hurt by poison!</small><br></div><div class="spacer battle-history"><br></div><div class="battle-history">The opposing CHRISTIAN'S DIOR fainted!<br></div><div class="battle-history"><small>Terminate was hurt by poison!</small><br></div><div class="spacer battle-history"><br></div><div class="battle-history">phantom0rion sent out MY MAYOR IS MUSLIM (<strong>Nidoking</strong>)!<br></div><div class="battle-history"><small>The opposing MY MAYOR IS MUSLIM floats in the air with its Air Balloon!</small><br></div><div class="spacer battle-history"><br></div><h2 class="battle-history">Turn 21</h2><div class="spacer battle-history"><br></div><div class="battle-history">The opposing MY MAYOR IS MUSLIM used <strong>Thunderbolt</strong>!<br></div><div class="battle-history"><small>It's super effective!</small><br></div><div class="battle-history"><small>(Terminate lost 34% of its health!)</small><br></div><div class="spacer battle-history"><br></div><div class="battle-history">Terminate used <strong>Surf</strong>!<br></div><div class="battle-history"><small>It's super effective!</small><br></div><div class="battle-history"><small>(The opposing MY MAYOR IS MUSLIM lost 43% of its health!)</small><br></div><div class="battle-history"><small>The opposing MY MAYOR IS MUSLIM's Air Balloon popped!</small><br></div><div class="spacer battle-history"><br></div><div class="battle-history"><small>Terminate restored a little HP using its Leftovers!</small><br></div><div class="battle-history"><small>Terminate was hurt by poison!</small><br></div><div class="spacer battle-history"><br></div><div class="battle-history">Terminate fainted!<br></div><div class="spacer battle-history"><br></div><div class="battle-history">Go! Romeo (<strong>Moltres</strong>)!<br></div><div class="spacer battle-history"><br></div><h2 class="battle-history">Turn 22</h2><div class="chat chatmessage-chillerfrost"><strong style="color:#2aaa9b"><span class="username"><small class="groupsymbol"> </small>ChillerFrost</span>:</strong> <em>hey why isnt Mesprit's name 'KAT' instead?</em></div><div class="spacer battle-history"><br></div><div class="battle-history">Romeo used <strong>U-turn</strong>!<br></div><div class="battle-history"><small>It's not very effective...</small><br></div><div class="battle-history"><small>(The opposing MY MAYOR IS MUSLIM lost 4% of its health!)</small><br></div><div class="spacer battle-history"><br></div><div class="battle-history">Romeo went back to Crown Oji!<br></div><div class="battle-history">Go! Beth (<strong>Donphan</strong>)!<br></div><div class="spacer battle-history"><br></div><div class="battle-history">The opposing MY MAYOR IS MUSLIM used <strong>Thunderbolt</strong>!<br></div><div class="battle-history"><small>It doesn't affect Beth...</small><br></div><div class="spacer battle-history"><br></div><div class="battle-history"><small>Beth restored a little HP using its Leftovers!</small><br></div><div class="battle-history"><small>The opposing team's Aurora Veil wore off!</small><br></div><div class="spacer battle-history"><br></div><h2 class="battle-history">Turn 23</h2><div class="spacer battle-history"><br></div><div class="battle-history">The opposing MY MAYOR IS MUSLIM used <strong>Ice Beam</strong>!<br></div><div class="battle-history"><small>It's super effective!</small><br></div><div class="battle-history"><small>(Beth lost 51% of its health!)</small><br></div><div class="spacer battle-history"><br></div><div class="battle-history">Beth fainted!<br></div><div class="spacer battle-history"><br></div><div class="battle-history">Go! Jeff (<strong>Lycanroc</strong>)!<br></div><div class="spacer battle-history"><br></div><h2 class="battle-history">Turn 24</h2><div class="spacer battle-history"><br></div><div class="battle-history">Jeff used <strong>Drill Run</strong>!<br></div><div class="battle-history"><small>It's super effective!</small><br></div><div class="battle-history"><small>(The opposing MY MAYOR IS MUSLIM lost 49% of its health!)</small><br></div><div class="spacer battle-history"><br></div><div class="battle-history">The opposing MY MAYOR IS MUSLIM used <strong>Earth Power</strong>!<br></div><div class="battle-history"><small>It's super effective!</small><br></div><div class="battle-history"><small>(Jeff lost 100% of its health!)</small><br></div><div class="spacer battle-history"><br></div><div class="battle-history">Jeff fainted!<br></div><div class="spacer battle-history"><br></div><div class="battle-history">Go! Romeo (<strong>Moltres</strong>)!<br></div><div class="spacer battle-history"><br></div><h2 class="battle-history">Turn 25</h2><div class="spacer battle-history"><br></div><div class="battle-history">Romeo used <strong>Flamethrower</strong>!<br></div><div class="battle-history"><small>(The opposing MY MAYOR IS MUSLIM lost 4% of its health!)</small><br></div><div class="spacer battle-history"><br></div><div class="battle-history">The opposing MY MAYOR IS MUSLIM fainted!<br></div><div class="spacer battle-history"><br></div><div class="battle-history">phantom0rion sent out dog (<strong>Umbreon</strong>)!<br></div><div class="spacer battle-history"><br></div><h2 class="battle-history">Turn 26</h2><div class="spacer battle-history"><br></div><div class="battle-history">Romeo used <strong>Flamethrower</strong>!<br></div><div class="battle-history"><small>(The opposing dog lost 33% of its health!)</small><br></div><div class="spacer battle-history"><br></div><div class="battle-history">The opposing dog used <strong>Toxic</strong>!<br></div><div class="battle-history"><small>Romeo was badly poisoned!</small><br></div><div class="spacer battle-history"><br></div><div class="battle-history"><small>The opposing dog restored a little HP using its Leftovers!</small><br></div><div class="battle-history"><small>Romeo was hurt by poison!</small><br></div><div class="spacer battle-history"><br></div><h2 class="battle-history">Turn 27</h2><div class="spacer battle-history"><br></div><div class="battle-history">Romeo used <strong>Flamethrower</strong>!<br></div><div class="battle-history"><small>(The opposing dog lost 32% of its health!)</small><br></div><div class="spacer battle-history"><br></div><div class="battle-history">The opposing dog used <strong>Toxic</strong>!<br></div><div class="battle-history"><small>But it failed!</small><br></div><div class="spacer battle-history"><br></div><div class="battle-history"><small>The opposing dog restored a little HP using its Leftovers!</small><br></div><div class="battle-history"><small>Romeo was hurt by poison!</small><br></div><div class="spacer battle-history"><br></div><h2 class="battle-history">Turn 28</h2><div class="spacer battle-history"><br></div><div class="battle-history">The opposing dog used <strong>Protect</strong>!<br></div><div class="battle-history"><small>The opposing dog protected itself!</small><br></div><div class="spacer battle-history"><br></div><div class="battle-history">Romeo used <strong>U-turn</strong>!<br></div><div class="battle-history"><small>The opposing dog protected itself!</small><br></div><div class="spacer battle-history"><br></div><div class="battle-history"><small>The opposing dog restored a little HP using its Leftovers!</small><br></div><div class="battle-history"><small>Romeo was hurt by poison!</small><br></div><div class="spacer battle-history"><br></div><h2 class="battle-history">Turn 29</h2><div class="chat chatmessage-25days"><strong style="color:#bc4b7c"><span class="username"><small class="groupsymbol"> </small>25Days</span>:</strong> <em>im literally on the edge of my seat rn</em></div><div class="chat chatmessage-foodss"><strong style="color:#997c37"><span class="username"><small class="groupsymbol"> </small>foodss</span>:</strong> <em>thats a whole lotta seat</em></div><div class="spacer battle-history"><br></div><div class="battle-history">Romeo used <strong>Flamethrower</strong>!<br></div><div class="battle-history"><small>(The opposing dog lost 32% of its health!)</small><br></div><div class="battle-history"><small>The opposing dog was burned!</small><br></div><div class="battle-history">[The opposing dog's Synchronize]<br></div><div class="battle-history"><small>But it failed!</small><br></div><div class="spacer battle-history"><br></div><div class="battle-history">The opposing dog used <strong>Toxic</strong>!<br></div><div class="battle-history"><small>But it failed!</small><br></div><div class="spacer battle-history"><br></div><div class="battle-history"><small>The opposing dog restored a little HP using its Leftovers!</small><br></div><div class="battle-history"><small>Romeo was hurt by poison!</small><br></div><div class="battle-history"><small>The opposing dog was hurt by its burn!</small><br></div><div class="spacer battle-history"><br></div><h2 class="battle-history">Turn 30</h2><div class="spacer battle-history"><br></div><div class="battle-history">Romeo, come back!<br></div><div class="battle-history">Go! Anagram (<strong>Sylveon</strong>)!<br></div><div class="spacer battle-history"><br></div><div class="battle-history">The opposing dog used <strong>Toxic</strong>!<br></div><div class="battle-history"><small>Anagram avoided the attack!</small><br></div><div class="spacer battle-history"><br></div><div class="battle-history"><small>The opposing dog restored a little HP using its Leftovers!</small><br></div><div class="battle-history"><small>The opposing dog was hurt by its burn!</small><br></div><div class="spacer battle-history"><br></div><h2 class="battle-history">Turn 31</h2><div class="spacer battle-history"><br></div><div class="battle-history">Anagram used <strong>Moonblast</strong>!<br></div><div class="battle-history"><small>It's super effective!</small><br></div><div class="battle-history"><small>(The opposing dog lost 21% of its health!)</small><br></div><div class="spacer battle-history"><br></div><div class="battle-history">The opposing dog fainted!<br></div><div class="spacer battle-history"><br></div><div class="battle-history">phantom0rion sent out KNICKS IN 5 (<strong>Cobalion</strong>)!<br></div><div class="spacer battle-history"><br></div><h2 class="battle-history">Turn 32</h2><div class="spacer battle-history"><br></div><div class="battle-history"><small>Anagram has Terastallized into the Ground-type!</small><br></div><div class="spacer battle-history"><br></div><div class="battle-history">Anagram used <strong>Moonblast</strong>!<br></div><div class="battle-history"><small>(The opposing KNICKS IN 5 lost 51% of its health!)</small><br></div><div class="battle-history"><small>The opposing KNICKS IN 5's Sp. Atk fell!</small><br></div><div class="spacer battle-history"><br></div><div class="battle-history">The opposing KNICKS IN 5 used <strong>Heavy Slam</strong>!<br></div><div class="battle-history"><small>(Anagram lost 60% of its health!)</small><br></div><div class="spacer battle-history"><br></div><div class="battle-history"><small>The opposing KNICKS IN 5 restored a little HP using its Leftovers!</small><br></div><div class="spacer battle-history"><br></div><h2 class="battle-history">Turn 33</h2><div class="spacer battle-history"><br></div><div class="battle-history">Anagram used <strong>Moonblast</strong>!<br></div><div class="battle-history"><small>(The opposing KNICKS IN 5 lost 51% of its health!)</small><br></div><div class="spacer battle-history"><br></div><div class="battle-history">The opposing KNICKS IN 5 fainted!<br></div><div class="spacer battle-history"><br></div><div class="battle-history">phantom0rion sent out cat (<strong>Mesprit</strong>)!<br></div><div class="spacer battle-history"><br></div><h2 class="battle-history">Turn 34</h2><div class="spacer battle-history"><br></div><div class="battle-history">Anagram used <strong>Moonblast</strong>!<br></div><div class="battle-history"><small>(The opposing cat lost 38% of its health!)</small><br></div><div class="spacer battle-history"><br></div><div class="battle-history">The opposing cat used <strong>Psychic Noise</strong>!<br></div><div class="battle-history"><small>(Anagram lost 21% of its health!)</small><br></div><div class="battle-history"><small>Anagram was prevented from healing!</small><br></div><div class="spacer battle-history"><br></div><h2 class="battle-history">Turn 35</h2><div class="spacer battle-history"><br></div><div class="battle-history">Anagram used <strong>Moonblast</strong>!<br></div><div class="battle-history"><small>(The opposing cat lost 43% of its health!)</small><br></div><div class="battle-history"><small>The opposing cat's Sp. Atk fell!</small><br></div><div class="battle-history"><small>(The opposing cat ate its Sitrus Berry!)</small><br></div><div class="battle-history"><small>The opposing cat restored HP using its Sitrus Berry!</small><br></div><div class="spacer battle-history"><br></div><div class="battle-history">The opposing cat used <strong>Psychic Noise</strong>!<br></div><div class="battle-history"><small>(Anagram lost 15% of its health!)</small><br></div><div class="spacer battle-history"><br></div><div class="battle-history"><small>Anagram is no longer prevented from healing!</small><br></div><div class="spacer battle-history"><br></div><h2 class="battle-history">Turn 36</h2><div class="spacer battle-history"><br></div><div class="battle-history">Anagram used <strong>Moonblast</strong>!<br></div><div class="battle-history"><small>(The opposing cat lost 39% of its health!)</small><br></div><div class="battle-history"><small>The opposing cat's Sp. Atk fell!</small><br></div><div class="spacer battle-history"><br></div><div class="battle-history">The opposing cat used <strong>Psychic Noise</strong>!<br></div><div class="battle-history"><small>(Anagram lost 4% of its health!)</small><br></div><div class="spacer battle-history"><br></div><div class="battle-history">Anagram fainted!<br></div><div class="spacer battle-history"><br></div><div class="battle-history">Go! Romeo (<strong>Moltres</strong>)!<br></div><div class="spacer battle-history"><br></div><h2 class="battle-history">Turn 37</h2><div class="spacer battle-history"><br></div><div class="battle-history">Romeo used <strong>Flamethrower</strong>!<br></div><div class="battle-history"><small>(The opposing cat lost 5% of its health!)</small><br></div><div class="spacer battle-history"><br></div><div class="battle-history">The opposing cat fainted!<br></div><div class="spacer battle-history"><br></div><div class="battle-history"><strong>Crown Oji</strong> won the battle!<br></div><div class="chat chatmessage-phantom0rion"><strong style="color:#0aa74e"><span class="username"><small class="groupsymbol">☆</small>phantom0rion</span>:</strong> <em>gg</em></div><div class="chat chatmessage-crownoji"><strong style="color:#bf1d4a"><span class="username"><small class="groupsymbol">☆</small>Crown Oji</span>:</strong> <em>gg</em></div><div class="chat chatmessage-serendipidu"><strong style="color:#7c53d9"><span class="username"><small class="groupsymbol"> </small>serendipidu</span>:</strong> <em>gg</em></div><div class="chat chatmessage-crownoji"><strong style="color:#bf1d4a"><span class="username"><small class="groupsymbol">☆</small>Crown Oji</span>:</strong> <em>mesprit set?</em></div><div class="chat chatmessage-serendipidu"><strong style="color:#7c53d9"><span class="username"><small class="groupsymbol"> </small>serendipidu</span>:</strong> <em>just defensive</em></div><div class="chat chatmessage-phantom0rion"><strong style="color:#0aa74e"><span class="username"><small class="groupsymbol">☆</small>phantom0rion</span>:</strong> <em>rocks</em></div><div class="chat chatmessage-crownoji"><strong style="color:#bf1d4a"><span class="username"><small class="groupsymbol">☆</small>Crown Oji</span>:</strong> <em>ah</em></div><div class="chat"><small class="gray"> serendipidu and ☆Crown Oji left</small></div></div><div class="inner-preempt message-log"></div></div></div>
</div>
<script>
let daily = Math.floor(Date.now()/1000/60/60/24);document.write('<script src="https://play.pokemonshowdown.com/js/replay-embed.js?version'+daily+'"></'+'script>');
</script>
