<!DOCTYPE html>
<meta charset="utf-8" />
<!-- version 1 -->
<title>[Gen 9] NatDex Draft replay: blader1176 vs. imred65</title>
<style>
html,body {font-family:Verdana, sans-serif;font-size:10pt;margin:0;padding:0;}body{padding:12px 0;} .battle-log {font-family:Verdana, sans-serif;font-size:10pt;} .battle-log-inline {border:1px solid #AAAAAA;background:#EEF2F5;color:black;max-width:640px;margin:0 auto 80px;padding-bottom:5px;} .battle-log .inner {padding:4px 8px 0px 8px;} .battle-log .inner-preempt {padding:0 8px 4px 8px;} .battle-log .inner-after {margin-top:0.5em;} .battle-log h2 {margin:0.5em -8px;padding:4px 8px;border:1px solid #AAAAAA;background:#E0E7EA;border-left:0;border-right:0;font-family:Verdana, sans-serif;font-size:13pt;} .battle-log .chat {vertical-align:middle;padding:3px 0 3px 0;font-size:8pt;} .battle-log .chat strong {color:#40576A;} .battle-log .chat em {padding:1px 4px 1px 3px;color:#000000;font-style:normal;} .chat.mine {background:rgba(0,0,0,0.05);margin-left:-8px;margin-right:-8px;padding-left:8px;padding-right:8px;} .spoiler {color:#BBBBBB;background:#BBBBBB;padding:0px 3px;} .spoiler:hover, .spoiler:active, .spoiler-shown {color:#000000;background:#E2E2E2;padding:0px 3px;} .spoiler a {color:#BBBBBB;} .spoiler:hover a, .spoiler:active a, .spoiler-shown a {color:#2288CC;} .chat code, .chat .spoiler:hover code, .chat .spoiler:active code, .chat .spoiler-shown code {border:1px solid #C0C0C0;background:#EEEEEE;color:black;padding:0 2px;} .chat .spoiler code {border:1px solid #CCCCCC;background:#CCCCCC;color:#CCCCCC;} .battle-log .rated {padding:3px 4px;} .battle-log .rated strong {color:white;background:#89A;padding:1px 4px;border-radius:4px;} .spacer {margin-top:0.5em;} .message-announce {background:#6688AA;color:white;padding:1px 4px 2px;} .message-announce a, .broadcast-green a, .broadcast-blue a, .broadcast-red a {color:#DDEEFF;} .broadcast-green {background-color:#559955;color:white;padding:2px 4px;} .broadcast-blue {background-color:#6688AA;color:white;padding:2px 4px;} .infobox {border:1px solid #6688AA;padding:2px 4px;} .infobox-limited {max-height:200px;overflow:auto;overflow-x:hidden;} .broadcast-red {background-color:#AA5544;color:white;padding:2px 4px;} .message-learn-canlearn {font-weight:bold;color:#228822;text-decoration:underline;} .message-learn-cannotlearn {font-weight:bold;color:#CC2222;text-decoration:underline;} .message-effect-weak {font-weight:bold;color:#CC2222;} .message-effect-resist {font-weight:bold;color:#6688AA;} .message-effect-immune {font-weight:bold;color:#666666;} .message-learn-list {margin-top:0;margin-bottom:0;} .message-throttle-notice, .message-error {color:#992222;} .message-overflow, .chat small.message-overflow {font-size:0pt;} .message-overflow::before {font-size:9pt;content:'...';} .subtle {color:#3A4A66;}
</style>
<div class="wrapper replay-wrapper" style="max-width:1180px;margin:0 auto">
<input type="hidden" name="replayid" value="gen9natdexdraft-2424767702" />
<div class="battle"></div><div class="battle-log"></div><div class="replay-controls"></div><div class="replay-controls-2"></div>
<h1 style="font-weight:normal;text-align:center"><strong>[Gen 9] NatDex Draft</strong><br /><a href="http://pokemonshowdown.com/users/blader1176" class="subtle" target="_blank">blader1176</a> vs. <a href="http://pokemonshowdown.com/users/imred65" class="subtle" target="_blank">imred65</a></h1>
<script type="text/plain" class="battle-log-data">|j|☆blader1176
|j|☆imred65
|t:|1755658817
|gametype|singles
|player|p1|blader1176|pilot|
|player|p2|imred65|red-masters|
|gen|9
|tier|[Gen 9] NatDex Draft
|rule|Tera Type Preview: Tera Types are shown at Team Preview
|rule|Sleep Clause Mod: Limit one foe put to sleep
|rule|OHKO Clause: OHKO moves are banned
|rule|Evasion Clause: Evasion abilities, items, and moves are banned
|rule|Evasion Abilities Clause: Evasion abilities are banned
|rule|Evasion Items Clause: Evasion items are banned
|rule|Evasion Moves Clause: Evasion moves are banned
|rule|Endless Battle Clause: Forcing endless battles is banned
|rule|HP Percentage Mod: HP is shown in percentages
|raw|<div class="infobox"><details class="readmore" open><summary><strong>1 custom rule:<\/strong><\/summary> Tera Type Preview<\/details><\/div>
|clearpoke
|poke|p1|Giratina|
|poke|p1|Gardevoir, F|
|poke|p1|Kartana|
|poke|p1|Registeel|
|poke|p1|Toedscruel, M|
|poke|p1|Magmortar, F|
|poke|p2|Xerneas-*|
|poke|p2|Deoxys-Attack|
|poke|p2|Tornadus-Therian, M|
|poke|p2|Ting-Lu|
|poke|p2|Scizor, F|
|poke|p2|Blastoise, F|
|raw|blader1176's Tera Types:<br \/><psicon pokemon="giratina" \/><psicon type="Fairy" \/> \/ <psicon pokemon="gardevoir" \/><psicon type="Psychic" \/> \/ <psicon pokemon="kartana" \/><psicon type="Grass" \/> \/ <psicon pokemon="registeel" \/><psicon type="Dragon" \/> \/ <psicon pokemon="toedscruel" \/><psicon type="Water" \/> \/ <psicon pokemon="magmortar" \/><psicon type="Fire" \/>
|raw|imred65's Tera Types:<br \/><psicon pokemon="xerneas" \/><psicon type="Fairy" \/> \/ <psicon pokemon="deoxysattack" \/><psicon type="Psychic" \/> \/ <psicon pokemon="tornadustherian" \/><psicon type="Flying" \/> \/ <psicon pokemon="tinglu" \/><psicon type="Dark" \/> \/ <psicon pokemon="scizor" \/><psicon type="Bug" \/> \/ <psicon pokemon="blastoise" \/><psicon type="Water" \/>
|teampreview

|j| ChillerFrost
|j| elementalassasin
|j| doctashockfan
|j| DoctaShock
|j| 25Days
|j| frog34
|j| KSCH
|j| daotxtoad
|j| lt124yh orion
|
|t:|1755658973
|teamsize|p1|6
|teamsize|p2|6
|start
|switch|p1a: Registeel|Registeel|100\/100
|switch|p2a: Deoxys|Deoxys-Attack|100\/100
|-ability|p2a: Deoxys|Pressure
|turn|1
|c|☆blader1176|!servertime
|c| blader1176|\/raw <div class="infobox">Server time: <b>8\/20\/2025, 3:02:58 AM<\/b><\/div>
|c|☆blader1176|glhf
|c|☆imred65|u2
|c| elementalassasin|gl
|
|t:|1755659006
|move|p2a: Deoxys|Low Kick|p1a: Registeel
|-supereffective|p1a: Registeel
|-damage|p1a: Registeel|37\/100
|move|p1a: Registeel|Stealth Rock|p2a: Deoxys
|-sidestart|p2: imred65|move: Stealth Rock
|
|-heal|p1a: Registeel|43\/100|[from] item: Leftovers
|upkeep
|turn|2
|
|t:|1755659015
|switch|p1a: Giratina|Giratina|100\/100
|-ability|p1a: Giratina|Pressure
|move|p2a: Deoxys|Shadow Ball|p1a: Giratina
|-supereffective|p1a: Giratina
|-damage|p1a: Giratina|58\/100
|-unboost|p1a: Giratina|spd|1
|
|-heal|p1a: Giratina|65\/100|[from] item: Leftovers
|upkeep
|turn|3
|
|t:|1755659061
|switch|p1a: Toedscruel|Toedscruel, M|100\/100
|move|p2a: Deoxys|Shadow Ball|p1a: Toedscruel
|-damage|p1a: Toedscruel|65\/100
|
|upkeep
|turn|4
|
|t:|1755659106
|move|p2a: Deoxys|Psycho Boost|p1a: Toedscruel
|-damage|p1a: Toedscruel|0 fnt
|-unboost|p2a: Deoxys|spa|2
|faint|p1a: Toedscruel
|
|upkeep
|
|t:|1755659114
|switch|p1a: Kartana|Kartana|100\/100
|turn|5
|
|t:|1755659136
|switch|p2a: Scizor|Scizor, F|100\/100
|-damage|p2a: Scizor|88\/100|[from] Stealth Rock
|move|p1a: Kartana|Knock Off|p2a: Scizor
|-damage|p2a: Scizor|65\/100
|
|upkeep
|turn|6
|j| serendipidu
|
|t:|1755659167
|switch|p1a: Registeel|Registeel|43\/100
|detailschange|p2a: Scizor|Scizor-Mega, F
|-mega|p2a: Scizor|Scizor|Scizorite
|move|p2a: Scizor|Roost|p2a: Scizor
|-heal|p2a: Scizor|100\/100
|-singleturn|p2a: Scizor|move: Roost
|
|-heal|p1a: Registeel|49\/100|[from] item: Leftovers
|upkeep
|turn|7
|
|t:|1755659239
|move|p2a: Scizor|Defog|p1a: Registeel
|-fail|p1a: Registeel|unboost|[from] ability: Clear Body|[of] p1a: Registeel
|-sideend|p2: imred65|Stealth Rock|[from] move: Defog|[of] p2a: Scizor
|move|p1a: Registeel|Toxic|p2a: Scizor
|-immune|p2a: Scizor
|
|-heal|p1a: Registeel|55\/100|[from] item: Leftovers
|upkeep
|turn|8
|c|☆blader1176|oops
|
|t:|1755659256
|move|p2a: Scizor|U-turn|p1a: Registeel
|-resisted|p1a: Registeel
|-damage|p1a: Registeel|41\/100
|
|t:|1755659261
|switch|p2a: Deoxys|Deoxys-Attack|100\/100|[from] U-turn
|-ability|p2a: Deoxys|Pressure
|move|p1a: Registeel|Stealth Rock|p2a: Deoxys
|-sidestart|p2: imred65|move: Stealth Rock
|
|-heal|p1a: Registeel|47\/100|[from] item: Leftovers
|upkeep
|turn|9
|
|t:|1755659275
|move|p1a: Registeel|Protect|p1a: Registeel
|-singleturn|p1a: Registeel|Protect
|move|p2a: Deoxys|Shadow Ball|p1a: Registeel
|-activate|p1a: Registeel|move: Protect
|
|-heal|p1a: Registeel|54\/100|[from] item: Leftovers
|upkeep
|turn|10
|j| Crown oji
|
|t:|1755659286
|move|p2a: Deoxys|Low Kick|p1a: Registeel
|-supereffective|p1a: Registeel
|-crit|p1a: Registeel
|-damage|p1a: Registeel|0 fnt
|faint|p1a: Registeel
|
|upkeep
|
|t:|1755659343
|switch|p1a: Kartana|Kartana|100\/100
|turn|11
|
|t:|1755659394
|switch|p1a: Magmortar|Magmortar, F|100\/100
|switch|p2a: Scizor|Scizor-Mega, F|100\/100
|-damage|p2a: Scizor|88\/100|[from] Stealth Rock
|
|upkeep
|turn|12
|
|t:|1755659420
|switch|p2a: Blastoise|Blastoise, F|100\/100
|-damage|p2a: Blastoise|88\/100|[from] Stealth Rock
|move|p1a: Magmortar|Fire Blast|p2a: Blastoise
|-resisted|p2a: Blastoise
|-damage|p2a: Blastoise|46\/100
|-status|p2a: Blastoise|brn
|
|-damage|p2a: Blastoise|40\/100 brn|[from] brn
|upkeep
|turn|13
|
|t:|1755659491
|switch|p2a: Ting-Lu|Ting-Lu|100\/100
|-damage|p2a: Ting-Lu|94\/100|[from] Stealth Rock
|-ability|p2a: Ting-Lu|Vessel of Ruin
|move|p1a: Magmortar|Fire Blast|p2a: Ting-Lu
|-crit|p2a: Ting-Lu
|-damage|p2a: Ting-Lu|38\/100
|
|-heal|p2a: Ting-Lu|45\/100|[from] item: Leftovers
|upkeep
|turn|14
|
|t:|1755659511
|move|p1a: Magmortar|Fire Blast|p2a: Ting-Lu
|-damage|p2a: Ting-Lu|5\/100
|move|p2a: Ting-Lu|Ruination|p1a: Magmortar
|-damage|p1a: Magmortar|51\/100
|
|-heal|p2a: Ting-Lu|12\/100|[from] item: Leftovers
|upkeep
|turn|15
|
|t:|1755659526
|move|p1a: Magmortar|Fire Blast|p2a: Ting-Lu
|-damage|p2a: Ting-Lu|0 fnt
|faint|p2a: Ting-Lu
|
|upkeep
|
|t:|1755659539
|switch|p2a: Tornadus|Tornadus-Therian, M|100\/100
|-damage|p2a: Tornadus|75\/100|[from] Stealth Rock
|turn|16
|
|t:|1755659549
|-terastallize|p2a: Tornadus|Flying
|move|p2a: Tornadus|Tera Blast|p1a: Magmortar|[anim] Tera Blast Flying
|-damage|p1a: Magmortar|0 fnt
|faint|p1a: Magmortar
|
|upkeep
|
|t:|1755659563
|switch|p1a: Giratina|Giratina|65\/100
|-ability|p1a: Giratina|Pressure
|turn|17
|
|t:|1755659603
|move|p2a: Tornadus|Tera Blast|p1a: Giratina|[anim] Tera Blast Flying
|-damage|p1a: Giratina|21\/100
|move|p1a: Giratina|Roar|p2a: Tornadus
|drag|p2a: Deoxys|Deoxys-Attack|100\/100
|-damage|p2a: Deoxys|88\/100|[from] Stealth Rock
|-ability|p2a: Deoxys|Pressure
|
|-heal|p1a: Giratina|27\/100|[from] item: Leftovers
|upkeep
|turn|18
|
|t:|1755659614
|move|p2a: Deoxys|Shadow Ball|p1a: Giratina
|-supereffective|p1a: Giratina
|-damage|p1a: Giratina|0 fnt
|faint|p1a: Giratina
|
|upkeep
|
|t:|1755659630
|switch|p1a: Gardevoir|Gardevoir, F|100\/100
|-ability|p1a: Gardevoir|Pressure|Trace|[from] ability: Trace|[of] p2a: Deoxys
|-ability|p1a: Gardevoir|Pressure
|turn|19
|
|t:|1755659663
|detailschange|p1a: Gardevoir|Gardevoir-Mega, F
|-mega|p1a: Gardevoir|Gardevoir|Gardevoirite
|move|p2a: Deoxys|Shadow Ball|p1a: Gardevoir
|-supereffective|p1a: Gardevoir
|-damage|p1a: Gardevoir|29\/100
|move|p1a: Gardevoir|Focus Blast|p2a: Deoxys|[miss]
|-miss|p1a: Gardevoir|p2a: Deoxys
|
|upkeep
|turn|20
|j| Bunnnies
|
|t:|1755659680
|move|p2a: Deoxys|Shadow Ball|p1a: Gardevoir
|-supereffective|p1a: Gardevoir
|-damage|p1a: Gardevoir|0 fnt
|faint|p1a: Gardevoir
|detailschange|p1: Gardevoir|Gardevoir, F|[silent]
|
|upkeep
|
|t:|1755659685
|switch|p1a: Kartana|Kartana|100\/100
|turn|21
|
|t:|1755659693
|switch|p2a: Scizor|Scizor-Mega, F|88\/100
|-damage|p2a: Scizor|76\/100|[from] Stealth Rock
|move|p1a: Kartana|Sacred Sword|p2a: Scizor
|-damage|p2a: Scizor|49\/100
|
|upkeep
|turn|22
|
|t:|1755659707
|move|p1a: Kartana|Sacred Sword|p2a: Scizor
|-damage|p2a: Scizor|21\/100
|move|p2a: Scizor|Roost|p2a: Scizor
|-heal|p2a: Scizor|71\/100
|-singleturn|p2a: Scizor|move: Roost
|
|upkeep
|turn|23
|
|t:|1755659714
|move|p2a: Scizor|Bullet Punch|p1a: Kartana
|-resisted|p1a: Kartana
|-damage|p1a: Kartana|83\/100
|move|p1a: Kartana|Sacred Sword|p2a: Scizor
|-damage|p2a: Scizor|44\/100
|
|upkeep
|turn|24
|l| Crown oji
|
|t:|1755659725
|move|p1a: Kartana|Sacred Sword|p2a: Scizor
|-crit|p2a: Scizor
|-damage|p2a: Scizor|0 fnt
|faint|p2a: Scizor
|detailschange|p2: Scizor|Scizor, F|[silent]
|-ability|p1a: Kartana|Beast Boost|boost
|-boost|p1a: Kartana|atk|1
|
|upkeep
|
|t:|1755659730
|switch|p2a: Xerneas|Xerneas|100\/100
|-damage|p2a: Xerneas|88\/100|[from] Stealth Rock
|-ability|p2a: Xerneas|Fairy Aura
|turn|25
|
|t:|1755659737
|move|p1a: Kartana|Sacred Sword|p2a: Xerneas
|-resisted|p2a: Xerneas
|-damage|p2a: Xerneas|61\/100
|move|p2a: Xerneas|Moonblast|p1a: Kartana
|-resisted|p1a: Kartana
|-damage|p1a: Kartana|0 fnt
|faint|p1a: Kartana
|
|win|imred65
|j| Conundromic
|c|☆blader1176|ggwp
|c|☆imred65|gg
|c| elementalassasin|ggwp
|l| daotxtoad
|l| 25Days</script>
</div>
<div class="battle-log battle-log-inline"><div class="inner"><div class="battle-options"><div style="padding-top: 3px; padding-right: 3px; text-align: right"><button class="icon button" name="openBattleOptions" title="Options">Battle Options</button></div></div><div class="inner message-log"><div class="chat"><small>☆blader1176 and ☆imred65 joined</small></div><div class=""><small>Format:</small> <br><strong>[Gen 9] NatDex Draft</strong></div><div class=""><small><em>Tera Type Preview:</em> Tera Types are shown at Team Preview</small></div><div class=""><small><em>Sleep Clause Mod:</em> Limit one foe put to sleep</small></div><div class=""><small><em>OHKO Clause:</em> OHKO moves are banned</small></div><div class=""><small><em>Evasion Clause:</em> Evasion abilities, items, and moves are banned</small></div><div class=""><small><em>Evasion Abilities Clause:</em> Evasion abilities are banned</small></div><div class=""><small><em>Evasion Items Clause:</em> Evasion items are banned</small></div><div class=""><small><em>Evasion Moves Clause:</em> Evasion moves are banned</small></div><div class=""><small><em>Endless Battle Clause:</em> Forcing endless battles is banned</small></div><div class=""><small><em>HP Percentage Mod:</em> HP is shown in percentages</small></div><div class="chat"><div class="infobox"><details class="readmore" open=""><summary><strong>1 custom rule:</strong></summary> Tera Type Preview</details></div></div><div class="chat">blader1176's Tera Types:<br><span class="picon" style="background:transparent url(https://play.pokemonshowdown.com/sprites/pokemonicons-sheet.png?v19) no-repeat scroll -280px -1200px"></span><img src="https://play.pokemonshowdown.com/sprites/types/Fairy.png" alt="Fairy" height="14" width="32" class="pixelated"> / <span class="picon" style="background:transparent url(https://play.pokemonshowdown.com/sprites/pokemonicons-sheet.png?v19) no-repeat scroll -240px -690px"></span><img src="https://play.pokemonshowdown.com/sprites/types/Psychic.png" alt="Psychic" height="14" width="32" class="pixelated"> / <span class="picon" style="background:transparent url(https://play.pokemonshowdown.com/sprites/pokemonicons-sheet.png?v19) no-repeat scroll -240px -1980px"></span><img src="https://play.pokemonshowdown.com/sprites/types/Grass.png" alt="Grass" height="14" width="32" class="pixelated"> / <span class="picon" style="background:transparent url(https://play.pokemonshowdown.com/sprites/pokemonicons-sheet.png?v19) no-repeat scroll -280px -930px"></span><img src="https://play.pokemonshowdown.com/sprites/types/Dragon.png" alt="Dragon" height="14" width="32" class="pixelated"> / <span class="picon" style="background:transparent url(https://play.pokemonshowdown.com/sprites/pokemonicons-sheet.png?v19) no-repeat scroll -40px -2370px"></span><img src="https://play.pokemonshowdown.com/sprites/types/Water.png" alt="Water" height="14" width="32" class="pixelated"> / <span class="picon" style="background:transparent url(https://play.pokemonshowdown.com/sprites/pokemonicons-sheet.png?v19) no-repeat scroll -440px -1140px"></span><img src="https://play.pokemonshowdown.com/sprites/types/Fire.png" alt="Fire" height="14" width="32" class="pixelated"></div><div class="chat">imred65's Tera Types:<br><span class="picon" style="background:transparent url(https://play.pokemonshowdown.com/sprites/pokemonicons-sheet.png?v19) no-repeat scroll -320px -1770px"></span><img src="https://play.pokemonshowdown.com/sprites/types/Fairy.png" alt="Fairy" height="14" width="32" class="pixelated"> / <span class="picon" style="background:transparent url(https://play.pokemonshowdown.com/sprites/pokemonicons-sheet.png?v19) no-repeat scroll -80px -2670px"></span><img src="https://play.pokemonshowdown.com/sprites/types/Psychic.png" alt="Psychic" height="14" width="32" class="pixelated"> / <span class="picon" style="background:transparent url(https://play.pokemonshowdown.com/sprites/pokemonicons-sheet.png?v19) no-repeat scroll -240px -2730px"></span><img src="https://play.pokemonshowdown.com/sprites/types/Flying.png" alt="Flying" height="14" width="32" class="pixelated"> / <span class="picon" style="background:transparent url(https://play.pokemonshowdown.com/sprites/pokemonicons-sheet.png?v19) no-repeat scroll -280px -2490px"></span><img src="https://play.pokemonshowdown.com/sprites/types/Dark.png" alt="Dark" height="14" width="32" class="pixelated"> / <span class="picon" style="background:transparent url(https://play.pokemonshowdown.com/sprites/pokemonicons-sheet.png?v19) no-repeat scroll -320px -510px"></span><img src="https://play.pokemonshowdown.com/sprites/types/Bug.png" alt="Bug" height="14" width="32" class="pixelated"> / <span class="picon" style="background:transparent url(https://play.pokemonshowdown.com/sprites/pokemonicons-sheet.png?v19) no-repeat scroll -360px -0px"></span><img src="https://play.pokemonshowdown.com/sprites/types/Water.png" alt="Water" height="14" width="32" class="pixelated"></div><div class="chat battle-history"><strong>blader1176's team:</strong> <em style="color:#445566;display:block;">Giratina / Gardevoir / Kartana / Registeel / Toedscruel / Magmortar</em></div><div class="chat battle-history"><strong>imred65's team:</strong> <em style="color:#445566;display:block;">Xerneas-Neutral / Deoxys-Attack / Tornadus-Therian / Ting-Lu / Scizor / Blastoise</em></div><div class="chat"><small> ChillerFrost,  elementalassasin,  doctashockfan,  DoctaShock,  25Days, and 4 others joined</small></div><div class="spacer battle-history"><br></div><div class="battle-history">Battle started between blader1176 and imred65!<br></div><div class="spacer battle-history"><br></div><div class="battle-history">Go! <strong>Registeel</strong>!<br></div><div class="spacer battle-history"><br></div><div class="battle-history">imred65 sent out <strong>Deoxys-Attack</strong>!<br></div><div class="battle-history">[The opposing Deoxys-Attack's Pressure]<br><small>The opposing Deoxys-Attack is exerting its pressure!</small><br></div><div class="spacer battle-history"><br></div><h2 class="battle-history">Turn 1</h2><div class="chat chatmessage-blader1176"><strong style="color:#797ad1"><small class="groupsymbol">☆</small><span class="username">blader1176</span>:</strong> <em>!servertime</em></div><div class="chat"><div class="infobox">Server time: <b>8/20/2025, 3:02:58 AM</b></div></div><div class="chat chatmessage-blader1176"><strong style="color:#797ad1"><small class="groupsymbol">☆</small><span class="username">blader1176</span>:</strong> <em>glhf</em></div><div class="chat chatmessage-imred65"><strong style="color:#887b16"><small class="groupsymbol">☆</small><span class="username">imred65</span>:</strong> <em>u2</em></div><div class="chat chatmessage-elementalassasin"><strong style="color:#9b7e41"><small class="groupsymbol"> </small><span class="username">elementalassasin</span>:</strong> <em>gl</em></div><div class="spacer battle-history"><br></div><div class="battle-history">The opposing Deoxys-Attack used <strong>Low Kick</strong>!<br></div><div class="battle-history"><small>It's super effective!</small><br></div><div class="battle-history"><small>(Registeel lost 63% of its health!)</small><br></div><div class="spacer battle-history"><br></div><div class="battle-history">Registeel used <strong>Stealth Rock</strong>!<br></div><div class="battle-history"><small>Pointed stones float in the air around the opposing team!</small><br></div><div class="spacer battle-history"><br></div><div class="battle-history"><small>Registeel restored a little HP using its Leftovers!</small><br></div><div class="spacer battle-history"><br></div><h2 class="battle-history">Turn 2</h2><div class="spacer battle-history"><br></div><div class="battle-history">Registeel, come back!<br></div><div class="battle-history">Go! <strong>Giratina</strong>!<br></div><div class="battle-history">[Giratina's Pressure]<br><small>Giratina is exerting its pressure!</small><br></div><div class="spacer battle-history"><br></div><div class="battle-history">The opposing Deoxys-Attack used <strong>Shadow Ball</strong>!<br></div><div class="battle-history"><small>It's super effective!</small><br></div><div class="battle-history"><small>(Giratina lost 42% of its health!)</small><br></div><div class="battle-history"><small>Giratina's Sp. Def fell!</small><br></div><div class="spacer battle-history"><br></div><div class="battle-history"><small>Giratina restored a little HP using its Leftovers!</small><br></div><div class="spacer battle-history"><br></div><h2 class="battle-history">Turn 3</h2><div class="spacer battle-history"><br></div><div class="battle-history">Giratina, come back!<br></div><div class="battle-history">Go! <strong>Toedscruel</strong>!<br></div><div class="spacer battle-history"><br></div><div class="battle-history">The opposing Deoxys-Attack used <strong>Shadow Ball</strong>!<br></div><div class="battle-history"><small>(Toedscruel lost 35% of its health!)</small><br></div><div class="spacer battle-history"><br></div><h2 class="battle-history">Turn 4</h2><div class="spacer battle-history"><br></div><div class="battle-history">The opposing Deoxys-Attack used <strong>Psycho Boost</strong>!<br></div><div class="battle-history"><small>(Toedscruel lost 65% of its health!)</small><br></div><div class="battle-history"><small>The opposing Deoxys-Attack's Sp. Atk fell harshly!</small><br></div><div class="spacer battle-history"><br></div><div class="battle-history">Toedscruel fainted!<br></div><div class="spacer battle-history"><br></div><div class="battle-history">Go! <strong>Kartana</strong>!<br></div><div class="spacer battle-history"><br></div><h2 class="battle-history">Turn 5</h2><div class="spacer battle-history"><br></div><div class="battle-history">imred65 withdrew Deoxys!<br></div><div class="battle-history">imred65 sent out <strong>Scizor</strong>!<br></div><div class="battle-history"><small>Pointed stones dug into the opposing Scizor!</small><br></div><div class="spacer battle-history"><br></div><div class="battle-history">Kartana used <strong>Knock Off</strong>!<br></div><div class="battle-history"><small>(The opposing Scizor lost 23% of its health!)</small><br></div><div class="spacer battle-history"><br></div><h2 class="battle-history">Turn 6</h2><div class="chat"><small> serendipidu joined</small></div><div class="spacer battle-history"><br></div><div class="battle-history">Kartana, come back!<br></div><div class="battle-history">Go! <strong>Registeel</strong>!<br></div><div class="spacer battle-history"><br></div><div class="battle-history"><small>The opposing Scizor-Mega's Scizorite is reacting to the Key Stone!</small><br>The opposing Scizor-Mega has Mega Evolved into Mega Scizor!<br></div><div class="spacer battle-history"><br></div><div class="battle-history">The opposing Scizor-Mega used <strong>Roost</strong>!<br></div><div class="battle-history"><small>The opposing Scizor-Mega had its HP restored.</small><br></div><div class="spacer battle-history"><br></div><div class="battle-history"><small>Registeel restored a little HP using its Leftovers!</small><br></div><div class="spacer battle-history"><br></div><h2 class="battle-history">Turn 7</h2><div class="spacer battle-history"><br></div><div class="battle-history">The opposing Scizor-Mega used <strong>Defog</strong>!<br></div><div class="battle-history">[Registeel's Clear Body]<br><small>Registeel's stats were not lowered!</small><br></div><div class="battle-history"><small>The pointed stones disappeared from around the opposing team!</small><br></div><div class="spacer battle-history"><br></div><div class="battle-history">Registeel used <strong>Toxic</strong>!<br></div><div class="battle-history"><small>It doesn't affect the opposing Scizor-Mega...</small><br></div><div class="spacer battle-history"><br></div><div class="battle-history"><small>Registeel restored a little HP using its Leftovers!</small><br></div><div class="spacer battle-history"><br></div><h2 class="battle-history">Turn 8</h2><div class="chat chatmessage-blader1176"><strong style="color:#797ad1"><small class="groupsymbol">☆</small><span class="username">blader1176</span>:</strong> <em>oops</em></div><div class="spacer battle-history"><br></div><div class="battle-history">The opposing Scizor-Mega used <strong>U-turn</strong>!<br></div><div class="battle-history"><small>It's not very effective...</small><br></div><div class="battle-history"><small>(Registeel lost 14% of its health!)</small><br></div><div class="spacer battle-history"><br></div><div class="battle-history">The opposing Scizor went back to imred65!<br></div><div class="battle-history">imred65 sent out <strong>Deoxys-Attack</strong>!<br></div><div class="battle-history">[The opposing Deoxys-Attack's Pressure]<br><small>The opposing Deoxys-Attack is exerting its pressure!</small><br></div><div class="spacer battle-history"><br></div><div class="battle-history">Registeel used <strong>Stealth Rock</strong>!<br></div><div class="battle-history"><small>Pointed stones float in the air around the opposing team!</small><br></div><div class="spacer battle-history"><br></div><div class="battle-history"><small>Registeel restored a little HP using its Leftovers!</small><br></div><div class="spacer battle-history"><br></div><h2 class="battle-history">Turn 9</h2><div class="spacer battle-history"><br></div><div class="battle-history">Registeel used <strong>Protect</strong>!<br></div><div class="battle-history"><small>Registeel protected itself!</small><br></div><div class="spacer battle-history"><br></div><div class="battle-history">The opposing Deoxys-Attack used <strong>Shadow Ball</strong>!<br></div><div class="battle-history"><small>Registeel protected itself!</small><br></div><div class="spacer battle-history"><br></div><div class="battle-history"><small>Registeel restored a little HP using its Leftovers!</small><br></div><div class="spacer battle-history"><br></div><h2 class="battle-history">Turn 10</h2><div class="chat"><small> Crown oji joined</small></div><div class="spacer battle-history"><br></div><div class="battle-history">The opposing Deoxys-Attack used <strong>Low Kick</strong>!<br></div><div class="battle-history"><small>It's super effective!</small><br></div><div class="battle-history"><small>A critical hit!</small><br></div><div class="battle-history"><small>(Registeel lost 54% of its health!)</small><br></div><div class="spacer battle-history"><br></div><div class="battle-history">Registeel fainted!<br></div><div class="spacer battle-history"><br></div><div class="battle-history">Go! <strong>Kartana</strong>!<br></div><div class="spacer battle-history"><br></div><h2 class="battle-history">Turn 11</h2><div class="spacer battle-history"><br></div><div class="battle-history">Kartana, come back!<br></div><div class="battle-history">Go! <strong>Magmortar</strong>!<br></div><div class="spacer battle-history"><br></div><div class="battle-history">imred65 withdrew Deoxys!<br></div><div class="battle-history">imred65 sent out <strong>Scizor-Mega</strong>!<br></div><div class="battle-history"><small>Pointed stones dug into the opposing Scizor-Mega!</small><br></div><div class="spacer battle-history"><br></div><h2 class="battle-history">Turn 12</h2><div class="spacer battle-history"><br></div><div class="battle-history">imred65 withdrew Scizor!<br></div><div class="battle-history">imred65 sent out <strong>Blastoise</strong>!<br></div><div class="battle-history"><small>Pointed stones dug into the opposing Blastoise!</small><br></div><div class="spacer battle-history"><br></div><div class="battle-history">Magmortar used <strong>Fire Blast</strong>!<br></div><div class="battle-history"><small>It's not very effective...</small><br></div><div class="battle-history"><small>(The opposing Blastoise lost 42% of its health!)</small><br></div><div class="battle-history"><small>The opposing Blastoise was burned!</small><br></div><div class="spacer battle-history"><br></div><div class="battle-history"><small>The opposing Blastoise was hurt by its burn!</small><br></div><div class="spacer battle-history"><br></div><h2 class="battle-history">Turn 13</h2><div class="spacer battle-history"><br></div><div class="battle-history">imred65 withdrew Blastoise!<br></div><div class="battle-history">imred65 sent out <strong>Ting-Lu</strong>!<br></div><div class="battle-history"><small>Pointed stones dug into the opposing Ting-Lu!</small><br></div><div class="battle-history">[The opposing Ting-Lu's Vessel of Ruin]<br><small>The opposing Ting-Lu's Vessel of Ruin weakened the Sp. Atk of all surrounding Pokémon!</small><br></div><div class="spacer battle-history"><br></div><div class="battle-history">Magmortar used <strong>Fire Blast</strong>!<br></div><div class="battle-history"><small>A critical hit!</small><br></div><div class="battle-history"><small>(The opposing Ting-Lu lost 56% of its health!)</small><br></div><div class="spacer battle-history"><br></div><div class="battle-history"><small>The opposing Ting-Lu restored a little HP using its Leftovers!</small><br></div><div class="spacer battle-history"><br></div><h2 class="battle-history">Turn 14</h2><div class="spacer battle-history"><br></div><div class="battle-history">Magmortar used <strong>Fire Blast</strong>!<br></div><div class="battle-history"><small>(The opposing Ting-Lu lost 40% of its health!)</small><br></div><div class="spacer battle-history"><br></div><div class="battle-history">The opposing Ting-Lu used <strong>Ruination</strong>!<br></div><div class="battle-history"><small>(Magmortar lost 49% of its health!)</small><br></div><div class="spacer battle-history"><br></div><div class="battle-history"><small>The opposing Ting-Lu restored a little HP using its Leftovers!</small><br></div><div class="spacer battle-history"><br></div><h2 class="battle-history">Turn 15</h2><div class="spacer battle-history"><br></div><div class="battle-history">Magmortar used <strong>Fire Blast</strong>!<br></div><div class="battle-history"><small>(The opposing Ting-Lu lost 12% of its health!)</small><br></div><div class="spacer battle-history"><br></div><div class="battle-history">The opposing Ting-Lu fainted!<br></div><div class="spacer battle-history"><br></div><div class="battle-history">imred65 sent out <strong>Tornadus-Therian</strong>!<br></div><div class="battle-history"><small>Pointed stones dug into the opposing Tornadus-Therian!</small><br></div><div class="spacer battle-history"><br></div><h2 class="battle-history">Turn 16</h2><div class="spacer battle-history"><br></div><div class="battle-history"><small>The opposing Tornadus-Therian has Terastallized into the Flying-type!</small><br></div><div class="spacer battle-history"><br></div><div class="battle-history">The opposing Tornadus-Therian used <strong>Tera Blast</strong>!<br></div><div class="battle-history"><small>(Magmortar lost 51% of its health!)</small><br></div><div class="spacer battle-history"><br></div><div class="battle-history">Magmortar fainted!<br></div><div class="spacer battle-history"><br></div><div class="battle-history">Go! <strong>Giratina</strong>!<br></div><div class="battle-history">[Giratina's Pressure]<br><small>Giratina is exerting its pressure!</small><br></div><div class="spacer battle-history"><br></div><h2 class="battle-history">Turn 17</h2><div class="spacer battle-history"><br></div><div class="battle-history">The opposing Tornadus-Therian used <strong>Tera Blast</strong>!<br></div><div class="battle-history"><small>(Giratina lost 44% of its health!)</small><br></div><div class="spacer battle-history"><br></div><div class="battle-history">Giratina used <strong>Roar</strong>!<br></div><div class="spacer battle-history"><br></div><div class="battle-history"><strong>Deoxys-Attack</strong> was dragged out!<br></div><div class="battle-history"><small>Pointed stones dug into the opposing Deoxys-Attack!</small><br></div><div class="battle-history">[The opposing Deoxys-Attack's Pressure]<br><small>The opposing Deoxys-Attack is exerting its pressure!</small><br></div><div class="spacer battle-history"><br></div><div class="battle-history"><small>Giratina restored a little HP using its Leftovers!</small><br></div><div class="spacer battle-history"><br></div><h2 class="battle-history">Turn 18</h2><div class="spacer battle-history"><br></div><div class="battle-history">The opposing Deoxys-Attack used <strong>Shadow Ball</strong>!<br></div><div class="battle-history"><small>It's super effective!</small><br></div><div class="battle-history"><small>(Giratina lost 27% of its health!)</small><br></div><div class="spacer battle-history"><br></div><div class="battle-history">Giratina fainted!<br></div><div class="spacer battle-history"><br></div><div class="battle-history">Go! <strong>Gardevoir</strong>!<br></div><div class="battle-history">[Gardevoir's Trace]<br>[Gardevoir's Pressure]<br><small>Gardevoir traced the opposing Deoxys-Attack's Pressure!</small><br></div><div class="battle-history">[Gardevoir's Pressure]<br><small>Gardevoir is exerting its pressure!</small><br></div><div class="spacer battle-history"><br></div><h2 class="battle-history">Turn 19</h2><div class="spacer battle-history"><br></div><div class="battle-history"><small>Gardevoir-Mega's Gardevoirite is reacting to the Key Stone!</small><br>Gardevoir-Mega has Mega Evolved into Mega Gardevoir!<br></div><div class="spacer battle-history"><br></div><div class="battle-history">The opposing Deoxys-Attack used <strong>Shadow Ball</strong>!<br></div><div class="battle-history"><small>It's super effective!</small><br></div><div class="battle-history"><small>(Gardevoir-Mega lost 71% of its health!)</small><br></div><div class="spacer battle-history"><br></div><div class="battle-history">Gardevoir-Mega used <strong>Focus Blast</strong>!<br></div><div class="battle-history"><small>The opposing Deoxys-Attack avoided the attack!</small><br></div><div class="spacer battle-history"><br></div><h2 class="battle-history">Turn 20</h2><div class="chat"><small> Bunnnies joined</small></div><div class="spacer battle-history"><br></div><div class="battle-history">The opposing Deoxys-Attack used <strong>Shadow Ball</strong>!<br></div><div class="battle-history"><small>It's super effective!</small><br></div><div class="battle-history"><small>(Gardevoir-Mega lost 29% of its health!)</small><br></div><div class="spacer battle-history"><br></div><div class="battle-history">Gardevoir-Mega fainted!<br></div><div class="spacer battle-history"><br></div><div class="battle-history">Go! <strong>Kartana</strong>!<br></div><div class="spacer battle-history"><br></div><h2 class="battle-history">Turn 21</h2><div class="spacer battle-history"><br></div><div class="battle-history">imred65 withdrew Deoxys!<br></div><div class="battle-history">imred65 sent out <strong>Scizor-Mega</strong>!<br></div><div class="battle-history"><small>Pointed stones dug into the opposing Scizor-Mega!</small><br></div><div class="spacer battle-history"><br></div><div class="battle-history">Kartana used <strong>Sacred Sword</strong>!<br></div><div class="battle-history"><small>(The opposing Scizor-Mega lost 27% of its health!)</small><br></div><div class="spacer battle-history"><br></div><h2 class="battle-history">Turn 22</h2><div class="spacer battle-history"><br></div><div class="battle-history">Kartana used <strong>Sacred Sword</strong>!<br></div><div class="battle-history"><small>(The opposing Scizor-Mega lost 28% of its health!)</small><br></div><div class="spacer battle-history"><br></div><div class="battle-history">The opposing Scizor-Mega used <strong>Roost</strong>!<br></div><div class="battle-history"><small>The opposing Scizor-Mega had its HP restored.</small><br></div><div class="spacer battle-history"><br></div><h2 class="battle-history">Turn 23</h2><div class="spacer battle-history"><br></div><div class="battle-history">The opposing Scizor-Mega used <strong>Bullet Punch</strong>!<br></div><div class="battle-history"><small>It's not very effective...</small><br></div><div class="battle-history"><small>(Kartana lost 17% of its health!)</small><br></div><div class="spacer battle-history"><br></div><div class="battle-history">Kartana used <strong>Sacred Sword</strong>!<br></div><div class="battle-history"><small>(The opposing Scizor-Mega lost 27% of its health!)</small><br></div><div class="spacer battle-history"><br></div><h2 class="battle-history">Turn 24</h2><div class="chat"><small> Crown oji left</small></div><div class="spacer battle-history"><br></div><div class="battle-history">Kartana used <strong>Sacred Sword</strong>!<br></div><div class="battle-history"><small>A critical hit!</small><br></div><div class="battle-history"><small>(The opposing Scizor-Mega lost 44% of its health!)</small><br></div><div class="spacer battle-history"><br></div><div class="battle-history">The opposing Scizor-Mega fainted!<br></div><div class="battle-history">[Kartana's Beast Boost]<br></div><div class="battle-history"><small>Kartana's Attack rose!</small><br></div><div class="spacer battle-history"><br></div><div class="battle-history">imred65 sent out <strong>Xerneas</strong>!<br></div><div class="battle-history"><small>Pointed stones dug into the opposing Xerneas!</small><br></div><div class="battle-history">[The opposing Xerneas's Fairy Aura]<br><small>The opposing Xerneas is radiating a fairy aura!</small><br></div><div class="spacer battle-history"><br></div><h2 class="battle-history">Turn 25</h2><div class="spacer battle-history"><br></div><div class="battle-history">Kartana used <strong>Sacred Sword</strong>!<br></div><div class="battle-history"><small>It's not very effective...</small><br></div><div class="battle-history"><small>(The opposing Xerneas lost 27% of its health!)</small><br></div><div class="spacer battle-history"><br></div><div class="battle-history">The opposing Xerneas used <strong>Moonblast</strong>!<br></div><div class="battle-history"><small>It's not very effective...</small><br></div><div class="battle-history"><small>(Kartana lost 83% of its health!)</small><br></div><div class="spacer battle-history"><br></div><div class="battle-history">Kartana fainted!<br></div><div class="spacer battle-history"><br></div><div class="battle-history"><strong>imred65</strong> won the battle!<br></div><div class="chat chatmessage-blader1176"><strong style="color:#797ad1"><small class="groupsymbol">☆</small><span class="username">blader1176</span>:</strong> <em>ggwp</em></div><div class="chat chatmessage-imred65"><strong style="color:#887b16"><small class="groupsymbol">☆</small><span class="username">imred65</span>:</strong> <em>gg</em></div><div class="chat chatmessage-elementalassasin"><strong style="color:#9b7e41"><small class="groupsymbol"> </small><span class="username">elementalassasin</span>:</strong> <em>ggwp</em></div><div class="chat"><small> Conundromic joined;  daotxtoad and  25Days left</small></div></div><div class="inner-preempt message-log"></div></div></div>
</div>
<script>
let daily = Math.floor(Date.now()/1000/60/60/24);document.write('<script src="https://play.pokemonshowdown.com/js/replay-embed.js?version'+daily+'"></'+'script>');
</script>
