<!DOCTYPE html>
<meta charset="utf-8" />
<!-- version 1 -->
<title>[Gen 9] NatDex Draft replay: conundromic vs. Ultair</title>
<style>
html,body {font-family:Verdana, sans-serif;font-size:10pt;margin:0;padding:0;}body{padding:12px 0;} .battle-log {font-family:Verdana, sans-serif;font-size:10pt;} .battle-log-inline {border:1px solid #AAAAAA;background:#EEF2F5;color:black;max-width:640px;margin:0 auto 80px;padding-bottom:5px;} .battle-log .inner {padding:4px 8px 0px 8px;} .battle-log .inner-preempt {padding:0 8px 4px 8px;} .battle-log .inner-after {margin-top:0.5em;} .battle-log h2 {margin:0.5em -8px;padding:4px 8px;border:1px solid #AAAAAA;background:#E0E7EA;border-left:0;border-right:0;font-family:Verdana, sans-serif;font-size:13pt;} .battle-log .chat {vertical-align:middle;padding:3px 0 3px 0;font-size:8pt;} .battle-log .chat strong {color:#40576A;} .battle-log .chat em {padding:1px 4px 1px 3px;color:#000000;font-style:normal;} .chat.mine {background:rgba(0,0,0,0.05);margin-left:-8px;margin-right:-8px;padding-left:8px;padding-right:8px;} .spoiler {color:#BBBBBB;background:#BBBBBB;padding:0px 3px;} .spoiler:hover, .spoiler:active, .spoiler-shown {color:#000000;background:#E2E2E2;padding:0px 3px;} .spoiler a {color:#BBBBBB;} .spoiler:hover a, .spoiler:active a, .spoiler-shown a {color:#2288CC;} .chat code, .chat .spoiler:hover code, .chat .spoiler:active code, .chat .spoiler-shown code {border:1px solid #C0C0C0;background:#EEEEEE;color:black;padding:0 2px;} .chat .spoiler code {border:1px solid #CCCCCC;background:#CCCCCC;color:#CCCCCC;} .battle-log .rated {padding:3px 4px;} .battle-log .rated strong {color:white;background:#89A;padding:1px 4px;border-radius:4px;} .spacer {margin-top:0.5em;} .message-announce {background:#6688AA;color:white;padding:1px 4px 2px;} .message-announce a, .broadcast-green a, .broadcast-blue a, .broadcast-red a {color:#DDEEFF;} .broadcast-green {background-color:#559955;color:white;padding:2px 4px;} .broadcast-blue {background-color:#6688AA;color:white;padding:2px 4px;} .infobox {border:1px solid #6688AA;padding:2px 4px;} .infobox-limited {max-height:200px;overflow:auto;overflow-x:hidden;} .broadcast-red {background-color:#AA5544;color:white;padding:2px 4px;} .message-learn-canlearn {font-weight:bold;color:#228822;text-decoration:underline;} .message-learn-cannotlearn {font-weight:bold;color:#CC2222;text-decoration:underline;} .message-effect-weak {font-weight:bold;color:#CC2222;} .message-effect-resist {font-weight:bold;color:#6688AA;} .message-effect-immune {font-weight:bold;color:#666666;} .message-learn-list {margin-top:0;margin-bottom:0;} .message-throttle-notice, .message-error {color:#992222;} .message-overflow, .chat small.message-overflow {font-size:0pt;} .message-overflow::before {font-size:9pt;content:'...';} .subtle {color:#3A4A66;}
</style>
<div class="wrapper replay-wrapper" style="max-width:1180px;margin:0 auto">
<input type="hidden" name="replayid" value="gen9natdexdraft-2308030739" />
<div class="battle"></div><div class="battle-log"></div><div class="replay-controls"></div><div class="replay-controls-2"></div>
<h1 style="font-weight:normal;text-align:center"><strong>[Gen 9] NatDex Draft</strong><br /><a href="http://pokemonshowdown.com/users/conundromic" class="subtle" target="_blank">conundromic</a> vs. <a href="http://pokemonshowdown.com/users/ultair" class="subtle" target="_blank">Ultair</a></h1>
<script type="text/plain" class="battle-log-data">
|j|☆conundromic
|j|☆Ultair
|t:|1740540861
|gametype|singles
|player|p1|conundromic|169|
|player|p2|Ultair|ryuki|
|teamsize|p1|6
|teamsize|p2|6
|gen|9
|tier|[Gen 9] NatDex Draft
|rule|Sleep Clause Mod: Limit one foe put to sleep
|rule|OHKO Clause: OHKO moves are banned
|rule|Evasion Clause: Evasion abilities, items, and moves are banned
|rule|Evasion Abilities Clause: Evasion abilities are banned
|rule|Evasion Items Clause: Evasion items are banned
|rule|Evasion Moves Clause: Evasion moves are banned
|rule|Endless Battle Clause: Forcing endless battles is banned
|rule|HP Percentage Mod: HP is shown in percentages
|clearpoke
|poke|p1|Gliscor, F|
|poke|p1|Annihilape, F|
|poke|p1|Weavile, M|
|poke|p1|Dudunsparce-*, M|
|poke|p1|Volcarona, F|
|poke|p1|Ribombee, F|
|poke|p2|Ogerpon-Hearthflame, F|
|poke|p2|Conkeldurr, F|
|poke|p2|Roaring Moon|
|poke|p2|Slowbro, F|
|poke|p2|Thundurus-Therian, M|
|poke|p2|Diancie|
|teampreview
|j| Phantom0rion
|
|t:|1740540945
|start
|switch|p1a: Ribombee|Ribombee, F|100\/100
|switch|p2a: Thundurus|Thundurus-Therian, M|100\/100
|turn|1
|
|t:|1740540957
|move|p1a: Ribombee|Sticky Web|p2a: Thundurus
|-sidestart|p2: Ultair|move: Sticky Web
|move|p2a: Thundurus|Volt Switch|p1a: Ribombee
|-damage|p1a: Ribombee|30\/100
|
|t:|1740540962
|switch|p2a: Diancie|Diancie|100\/100|[from] Volt Switch
|-activate|p2a: Diancie|move: Sticky Web
|-fail|p2a: Diancie|unboost|[from] ability: Clear Body|[of] p2a: Diancie
|
|upkeep
|turn|2
|
|t:|1740541002
|switch|p1a: Gliscor|Gliscor, F|100\/100
|-terastallize|p2a: Diancie|Fairy
|move|p2a: Diancie|Stealth Rock|p1a: Gliscor
|-sidestart|p1: conundromic|move: Stealth Rock
|
|-status|p1a: Gliscor|tox|[from] item: Toxic Orb
|upkeep
|turn|3
|j| ChillerFrost
|j| mukmuk1
|
|t:|1740541192
|switch|p2a: Conkeldurr|Conkeldurr, F|100\/100
|-activate|p2a: Conkeldurr|move: Sticky Web
|-unboost|p2a: Conkeldurr|spe|1
|move|p1a: Gliscor|Knock Off|p2a: Conkeldurr
|-resisted|p2a: Conkeldurr
|-damage|p2a: Conkeldurr|92\/100
|-enditem|p2a: Conkeldurr|Assault Vest|[from] move: Knock Off|[of] p1a: Gliscor
|
|upkeep
|turn|4
|
|t:|1740541264
|switch|p1a: Annihilape|Annihilape, F|100\/100
|-damage|p1a: Annihilape|94\/100|[from] Stealth Rock
|move|p2a: Conkeldurr|Ice Punch|p1a: Annihilape
|-damage|p1a: Annihilape|65\/100
|
|-heal|p1a: Annihilape|71\/100|[from] item: Leftovers
|upkeep
|turn|5
|
|t:|1740541344
|switch|p2a: Diancie|Diancie, tera:Fairy|100\/100
|-activate|p2a: Diancie|move: Sticky Web
|-fail|p2a: Diancie|unboost|[from] ability: Clear Body|[of] p2a: Diancie
|move|p1a: Annihilape|Bulk Up|p1a: Annihilape
|-boost|p1a: Annihilape|atk|1
|-boost|p1a: Annihilape|def|1
|
|-heal|p1a: Annihilape|77\/100|[from] item: Leftovers
|upkeep
|turn|6
|
|t:|1740541404
|switch|p1a: Dudunsparce|Dudunsparce, M|100\/100
|-damage|p1a: Dudunsparce|88\/100|[from] Stealth Rock
|move|p2a: Diancie|Moonblast|p1a: Dudunsparce
|-damage|p1a: Dudunsparce|61\/100
|-unboost|p1a: Dudunsparce|spa|1
|
|-heal|p1a: Dudunsparce|67\/100|[from] item: Leftovers
|upkeep
|turn|7
|
|t:|1740541455
|move|p1a: Dudunsparce|Body Slam|p2a: Diancie
|-damage|p2a: Diancie|84\/100
|-status|p2a: Diancie|par
|move|p2a: Diancie|Body Press|p1a: Dudunsparce
|-supereffective|p1a: Dudunsparce
|-damage|p1a: Dudunsparce|4\/100
|
|-heal|p1a: Dudunsparce|10\/100|[from] item: Leftovers
|-heal|p2a: Diancie|90\/100 par|[from] item: Leftovers
|upkeep
|turn|8
|
|t:|1740541480
|-terastallize|p1a: Dudunsparce|Poison
|move|p1a: Dudunsparce|Roost|p1a: Dudunsparce
|-heal|p1a: Dudunsparce|60\/100
|move|p2a: Diancie|Body Press|p1a: Dudunsparce
|-resisted|p1a: Dudunsparce
|-damage|p1a: Dudunsparce|45\/100
|
|-heal|p1a: Dudunsparce|52\/100|[from] item: Leftovers
|-heal|p2a: Diancie|96\/100 par|[from] item: Leftovers
|upkeep
|turn|9
|
|t:|1740541494
|switch|p2a: Thundurus|Thundurus-Therian, M|100\/100
|move|p1a: Dudunsparce|Roost|p1a: Dudunsparce
|-heal|p1a: Dudunsparce|100\/100
|
|upkeep
|turn|10
|
|t:|1740541516
|move|p2a: Thundurus|Psychic|p1a: Dudunsparce
|-supereffective|p1a: Dudunsparce
|-damage|p1a: Dudunsparce|59\/100
|move|p1a: Dudunsparce|Body Slam|p2a: Thundurus
|-damage|p2a: Thundurus|51\/100
|
|-heal|p1a: Dudunsparce|65\/100|[from] item: Leftovers
|upkeep
|turn|11
|
|t:|1740541537
|move|p2a: Thundurus|Psychic|p1a: Dudunsparce
|-supereffective|p1a: Dudunsparce
|-damage|p1a: Dudunsparce|20\/100
|move|p1a: Dudunsparce|Body Slam|p2a: Thundurus
|-damage|p2a: Thundurus|9\/100
|
|-heal|p1a: Dudunsparce|26\/100|[from] item: Leftovers
|upkeep
|turn|12
|
|t:|1740541707
|switch|p1a: Gliscor|Gliscor, F|100\/100 tox
|-damage|p1a: Gliscor|88\/100 tox|[from] Stealth Rock
|move|p2a: Thundurus|Psychic|p1a: Gliscor
|-damage|p1a: Gliscor|46\/100 tox
|-unboost|p1a: Gliscor|spd|1
|
|-heal|p1a: Gliscor|58\/100 tox|[from] ability: Poison Heal
|upkeep
|turn|13
|
|t:|1740541721
|switch|p1a: Volcarona|Volcarona, F|100\/100
|move|p2a: Thundurus|Psychic|p1a: Volcarona
|-damage|p1a: Volcarona|72\/100
|
|upkeep
|turn|14
|
|t:|1740541734
|move|p2a: Thundurus|Volt Switch|p1a: Volcarona
|-damage|p1a: Volcarona|36\/100
|
|t:|1740541738
|switch|p2a: Diancie|Diancie, tera:Fairy|96\/100 par|[from] Volt Switch
|-activate|p2a: Diancie|move: Sticky Web
|-fail|p2a: Diancie|unboost|[from] ability: Clear Body|[of] p2a: Diancie
|move|p1a: Volcarona|U-turn|p2a: Diancie
|-resisted|p2a: Diancie
|-crit|p2a: Diancie
|-damage|p2a: Diancie|89\/100 par
|
|t:|1740541750
|switch|p1a: Dudunsparce|Dudunsparce, M, tera:Poison|26\/100|[from] U-turn
|-damage|p1a: Dudunsparce|14\/100|[from] Stealth Rock
|
|-heal|p1a: Dudunsparce|20\/100|[from] item: Leftovers
|-heal|p2a: Diancie|95\/100 par|[from] item: Leftovers
|upkeep
|turn|15
|j| serendipidu
|c| serendipidu|diancie is so cool
|c| Phantom0rion|yap
|
|t:|1740541815
|switch|p2a: Thundurus|Thundurus-Therian, M|9\/100
|move|p1a: Dudunsparce|Roost|p1a: Dudunsparce
|-heal|p1a: Dudunsparce|70\/100
|
|-heal|p1a: Dudunsparce|76\/100|[from] item: Leftovers
|upkeep
|turn|16
|
|t:|1740541869
|move|p2a: Thundurus|Psychic|p1a: Dudunsparce
|-supereffective|p1a: Dudunsparce
|-damage|p1a: Dudunsparce|32\/100
|move|p1a: Dudunsparce|Body Slam|p2a: Thundurus
|-damage|p2a: Thundurus|0 fnt
|faint|p2a: Thundurus
|
|-heal|p1a: Dudunsparce|39\/100|[from] item: Leftovers
|upkeep
|
|t:|1740541874
|switch|p2a: Ogerpon|Ogerpon-Hearthflame, F|100\/100
|-activate|p2a: Ogerpon|move: Sticky Web
|-unboost|p2a: Ogerpon|spe|1
|-ability|p2a: Ogerpon|Mold Breaker
|turn|17
|l| Phantom0rion
|
|t:|1740541956
|switch|p1a: Ribombee|Ribombee, F|30\/100
|-damage|p1a: Ribombee|5\/100|[from] Stealth Rock
|move|p2a: Ogerpon|Ivy Cudgel|p1a: Ribombee|[anim] Ivy Cudgel Fire
|-supereffective|p1a: Ribombee
|-damage|p1a: Ribombee|0 fnt
|faint|p1a: Ribombee
|
|upkeep
|j| Phantom0rion
|
|t:|1740542087
|switch|p1a: Volcarona|Volcarona, F|36\/100
|turn|18
|
|t:|1740542113
|move|p1a: Volcarona|Flamethrower|p2a: Ogerpon
|-damage|p2a: Ogerpon|52\/100
|move|p2a: Ogerpon|Ivy Cudgel|p1a: Volcarona|[anim] Ivy Cudgel Fire
|-damage|p1a: Volcarona|0 fnt
|faint|p1a: Volcarona
|
|upkeep
|
|t:|1740542120
|switch|p1a: Weavile|Weavile, M|100\/100
|-damage|p1a: Weavile|76\/100|[from] Stealth Rock
|-ability|p1a: Weavile|Pressure
|turn|19
|
|t:|1740542150
|switch|p2a: Conkeldurr|Conkeldurr, F|92\/100
|-activate|p2a: Conkeldurr|move: Sticky Web
|-unboost|p2a: Conkeldurr|spe|1
|move|p1a: Weavile|Triple Axel|p2a: Conkeldurr
|-damage|p2a: Conkeldurr|79\/100
|-damage|p2a: Conkeldurr|57\/100
|-damage|p2a: Conkeldurr|24\/100
|-hitcount|p2a: Conkeldurr|3
|-damage|p1a: Weavile|66\/100|[from] item: Life Orb
|
|upkeep
|turn|20
|j| 25Days
|
|t:|1740542275
|switch|p1a: Dudunsparce|Dudunsparce, M, tera:Poison|39\/100
|-damage|p1a: Dudunsparce|26\/100|[from] Stealth Rock
|switch|p2a: Diancie|Diancie, tera:Fairy|95\/100 par
|-activate|p2a: Diancie|move: Sticky Web
|-fail|p2a: Diancie|unboost|[from] ability: Clear Body|[of] p2a: Diancie
|
|-heal|p1a: Dudunsparce|32\/100|[from] item: Leftovers
|-heal|p2a: Diancie|100\/100 par|[from] item: Leftovers
|upkeep
|turn|21
|
|t:|1740542292
|move|p1a: Dudunsparce|Roost|p1a: Dudunsparce
|-heal|p1a: Dudunsparce|82\/100
|cant|p2a: Diancie|par
|
|-heal|p1a: Dudunsparce|89\/100|[from] item: Leftovers
|upkeep
|turn|22
|j| ksch
|
|t:|1740542306
|move|p1a: Dudunsparce|Coil|p1a: Dudunsparce
|-boost|p1a: Dudunsparce|atk|1
|-boost|p1a: Dudunsparce|def|1
|-boost|p1a: Dudunsparce|accuracy|1
|move|p2a: Diancie|Diamond Storm|p1a: Dudunsparce
|-damage|p1a: Dudunsparce|67\/100
|-boost|p2a: Diancie|def|2
|
|-heal|p1a: Dudunsparce|74\/100|[from] item: Leftovers
|upkeep
|turn|23
|j| DoctaShock
|l| Phantom0rion
|j| Phantom0rion
|
|t:|1740542358
|move|p1a: Dudunsparce|Coil|p1a: Dudunsparce
|-boost|p1a: Dudunsparce|atk|1
|-boost|p1a: Dudunsparce|def|1
|-boost|p1a: Dudunsparce|accuracy|1
|move|p2a: Diancie|Diamond Storm|p1a: Dudunsparce
|-damage|p1a: Dudunsparce|57\/100
|-boost|p2a: Diancie|def|2
|
|-heal|p1a: Dudunsparce|63\/100|[from] item: Leftovers
|upkeep
|turn|24
|
|t:|1740542383
|move|p1a: Dudunsparce|Coil|p1a: Dudunsparce
|-boost|p1a: Dudunsparce|atk|1
|-boost|p1a: Dudunsparce|def|1
|-boost|p1a: Dudunsparce|accuracy|1
|move|p2a: Diancie|Diamond Storm|p1a: Dudunsparce
|-damage|p1a: Dudunsparce|51\/100
|
|-heal|p1a: Dudunsparce|57\/100|[from] item: Leftovers
|upkeep
|turn|25
|
|t:|1740542391
|move|p1a: Dudunsparce|Coil|p1a: Dudunsparce
|-boost|p1a: Dudunsparce|atk|1
|-boost|p1a: Dudunsparce|def|1
|-boost|p1a: Dudunsparce|accuracy|1
|move|p2a: Diancie|Diamond Storm|p1a: Dudunsparce
|-damage|p1a: Dudunsparce|46\/100
|-boost|p2a: Diancie|def|2
|
|-heal|p1a: Dudunsparce|52\/100|[from] item: Leftovers
|upkeep
|turn|26
|
|t:|1740542404
|move|p1a: Dudunsparce|Coil|p1a: Dudunsparce
|-boost|p1a: Dudunsparce|atk|1
|-boost|p1a: Dudunsparce|def|1
|-boost|p1a: Dudunsparce|accuracy|1
|move|p2a: Diancie|Body Press|p1a: Dudunsparce
|-resisted|p1a: Dudunsparce
|-damage|p1a: Dudunsparce|36\/100
|
|-heal|p1a: Dudunsparce|42\/100|[from] item: Leftovers
|upkeep
|turn|27
|
|t:|1740542415
|move|p1a: Dudunsparce|Roost|p1a: Dudunsparce
|-heal|p1a: Dudunsparce|92\/100
|move|p2a: Diancie|Body Press|p1a: Dudunsparce
|-resisted|p1a: Dudunsparce
|-damage|p1a: Dudunsparce|75\/100
|
|-heal|p1a: Dudunsparce|81\/100|[from] item: Leftovers
|upkeep
|turn|28
|
|t:|1740542422
|move|p1a: Dudunsparce|Coil|p1a: Dudunsparce
|-boost|p1a: Dudunsparce|atk|1
|-boost|p1a: Dudunsparce|def|1
|-boost|p1a: Dudunsparce|accuracy|1
|cant|p2a: Diancie|par
|
|-heal|p1a: Dudunsparce|88\/100|[from] item: Leftovers
|upkeep
|turn|29
|
|t:|1740542439
|move|p1a: Dudunsparce|Body Slam|p2a: Diancie
|-damage|p2a: Diancie|81\/100 par
|move|p2a: Diancie|Body Press|p1a: Dudunsparce
|-resisted|p1a: Dudunsparce
|-damage|p1a: Dudunsparce|71\/100
|
|-heal|p1a: Dudunsparce|78\/100|[from] item: Leftovers
|-heal|p2a: Diancie|87\/100 par|[from] item: Leftovers
|upkeep
|turn|30
|
|t:|1740542448
|move|p1a: Dudunsparce|Body Slam|p2a: Diancie
|-damage|p2a: Diancie|69\/100 par
|cant|p2a: Diancie|par
|
|-heal|p1a: Dudunsparce|84\/100|[from] item: Leftovers
|-heal|p2a: Diancie|75\/100 par|[from] item: Leftovers
|upkeep
|turn|31
|
|t:|1740542455
|move|p1a: Dudunsparce|Body Slam|p2a: Diancie
|-damage|p2a: Diancie|57\/100 par
|move|p2a: Diancie|Body Press|p1a: Dudunsparce
|-resisted|p1a: Dudunsparce
|-damage|p1a: Dudunsparce|70\/100
|
|-heal|p1a: Dudunsparce|76\/100|[from] item: Leftovers
|-heal|p2a: Diancie|63\/100 par|[from] item: Leftovers
|upkeep
|turn|32
|
|t:|1740542464
|move|p1a: Dudunsparce|Body Slam|p2a: Diancie
|-damage|p2a: Diancie|46\/100 par
|move|p2a: Diancie|Body Press|p1a: Dudunsparce
|-resisted|p1a: Dudunsparce
|-damage|p1a: Dudunsparce|61\/100
|
|-heal|p1a: Dudunsparce|67\/100|[from] item: Leftovers
|-heal|p2a: Diancie|52\/100 par|[from] item: Leftovers
|upkeep
|turn|33
|
|t:|1740542481
|move|p1a: Dudunsparce|Body Slam|p2a: Diancie
|-damage|p2a: Diancie|35\/100 par
|move|p2a: Diancie|Body Press|p1a: Dudunsparce
|-resisted|p1a: Dudunsparce
|-damage|p1a: Dudunsparce|52\/100
|
|-heal|p1a: Dudunsparce|58\/100|[from] item: Leftovers
|-heal|p2a: Diancie|41\/100 par|[from] item: Leftovers
|upkeep
|turn|34
|
|t:|1740542510
|move|p1a: Dudunsparce|Body Slam|p2a: Diancie
|-damage|p2a: Diancie|23\/100 par
|move|p2a: Diancie|Body Press|p1a: Dudunsparce
|-resisted|p1a: Dudunsparce
|-crit|p1a: Dudunsparce
|-damage|p1a: Dudunsparce|0 fnt
|faint|p1a: Dudunsparce
|
|-heal|p2a: Diancie|29\/100 par|[from] item: Leftovers
|upkeep
|
|t:|1740542526
|switch|p1a: Weavile|Weavile, M|66\/100
|-damage|p1a: Weavile|41\/100|[from] Stealth Rock
|-ability|p1a: Weavile|Pressure
|turn|35
|l| Phantom0rion
|
|t:|1740542569
|move|p1a: Weavile|Triple Axel|p2a: Diancie
|-damage|p2a: Diancie|26\/100 par
|-damage|p2a: Diancie|22\/100 par
|-damage|p2a: Diancie|16\/100 par
|-hitcount|p2a: Diancie|3
|-damage|p1a: Weavile|31\/100|[from] item: Life Orb
|move|p2a: Diancie|Moonblast|p1a: Weavile
|-supereffective|p1a: Weavile
|-damage|p1a: Weavile|0 fnt
|faint|p1a: Weavile
|
|-heal|p2a: Diancie|22\/100 par|[from] item: Leftovers
|upkeep
|
|t:|1740542585
|switch|p1a: Annihilape|Annihilape, F|77\/100
|-damage|p1a: Annihilape|71\/100|[from] Stealth Rock
|turn|36
|
|t:|1740542590
|move|p1a: Annihilape|Rage Fist|p2a: Diancie
|-crit|p2a: Diancie
|-damage|p2a: Diancie|0 fnt
|faint|p2a: Diancie
|
|-heal|p1a: Annihilape|77\/100|[from] item: Leftovers
|upkeep
|j| Phantom0rion
|j| daotxtoad
|c|☆Ultair|:(
|c|☆conundromic|i mean you crit to win the battle vs dudunsparce lol
|c|☆conundromic|and didnt get para'd
|c|☆Ultair|fs
|c|☆conundromic|like at all
|c|☆Ultair|just sad
|c|☆Ultair|def deserved
|
|t:|1740542764
|switch|p2a: Ogerpon|Ogerpon-Hearthflame, F|52\/100
|-activate|p2a: Ogerpon|move: Sticky Web
|-unboost|p2a: Ogerpon|spe|1
|-ability|p2a: Ogerpon|Mold Breaker
|turn|37
|
|t:|1740542801
|move|p1a: Annihilape|Bulk Up|p1a: Annihilape
|-boost|p1a: Annihilape|atk|1
|-boost|p1a: Annihilape|def|1
|move|p2a: Ogerpon|Ivy Cudgel|p1a: Annihilape|[anim] Ivy Cudgel Fire
|-damage|p1a: Annihilape|38\/100
|
|-heal|p1a: Annihilape|44\/100|[from] item: Leftovers
|upkeep
|turn|38
|
|t:|1740542812
|move|p1a: Annihilape|Drain Punch|p2a: Ogerpon
|-damage|p2a: Ogerpon|0 fnt
|-heal|p1a: Annihilape|62\/100|[from] drain|[of] p2a: Ogerpon
|faint|p2a: Ogerpon
|
|-heal|p1a: Annihilape|68\/100|[from] item: Leftovers
|upkeep
|
|t:|1740542820
|switch|p2a: Slowbro|Slowbro, F|100\/100
|-activate|p2a: Slowbro|move: Sticky Web
|-unboost|p2a: Slowbro|spe|1
|turn|39
|
|t:|1740542834
|move|p1a: Annihilape|Rage Fist|p2a: Slowbro
|-supereffective|p2a: Slowbro
|-damage|p2a: Slowbro|0 fnt
|faint|p2a: Slowbro
|
|-heal|p1a: Annihilape|74\/100|[from] item: Leftovers
|upkeep
|
|t:|1740542841
|switch|p2a: Roaring Moon|Roaring Moon|100\/100
|-activate|p2a: Roaring Moon|move: Sticky Web
|-unboost|p2a: Roaring Moon|spe|1
|turn|40
|
|t:|1740542847
|move|p1a: Annihilape|Drain Punch|p2a: Roaring Moon
|-supereffective|p2a: Roaring Moon
|-damage|p2a: Roaring Moon|0 fnt
|-heal|p1a: Annihilape|100\/100|[from] drain|[of] p2a: Roaring Moon
|faint|p2a: Roaring Moon
|-end|p2a: Roaring Moon|Protosynthesis|[silent]
|
|upkeep
|
|t:|1740542851
|switch|p2a: Conkeldurr|Conkeldurr, F|24\/100
|-activate|p2a: Conkeldurr|move: Sticky Web
|-unboost|p2a: Conkeldurr|spe|1
|turn|41
|c|☆Ultair|gg
|
|t:|1740542857
|move|p1a: Annihilape|Rage Fist|p2a: Conkeldurr
|-damage|p2a: Conkeldurr|0 fnt
|faint|p2a: Conkeldurr
|
|win|conundromic
|c|☆conundromic|gg
|l| daotxtoad
|c|☆conundromic|dumbest battle of all time
|c|☆conundromic|tbh
|c|☆Ultair|yea
|l| ksch
|c|☆conundromic|crits = win
|c|☆Ultair|how she goes
|c|☆conundromic|i guess
|c|☆conundromic|haha yeah

</script>
</div>
<div class="battle-log battle-log-inline"><div class="inner"><div class="battle-options"></div><div class="inner message-log"><div class="chat"><small>☆conundromic and ☆Ultair joined</small></div><div class=""><small>Format:</small> <br><strong>[Gen 9] NatDex Draft</strong></div><div class=""><small><em>Sleep Clause Mod:</em> Limit one foe put to sleep</small></div><div class=""><small><em>OHKO Clause:</em> OHKO moves are banned</small></div><div class=""><small><em>Evasion Clause:</em> Evasion abilities, items, and moves are banned</small></div><div class=""><small><em>Evasion Abilities Clause:</em> Evasion abilities are banned</small></div><div class=""><small><em>Evasion Items Clause:</em> Evasion items are banned</small></div><div class=""><small><em>Evasion Moves Clause:</em> Evasion moves are banned</small></div><div class=""><small><em>Endless Battle Clause:</em> Forcing endless battles is banned</small></div><div class=""><small><em>HP Percentage Mod:</em> HP is shown in percentages</small></div><div class="chat battle-history"><strong>conundromic's team:</strong> <em style="color:#445566;display:block;">Gliscor / Annihilape / Weavile / Dudunsparce-* / Volcarona / Ribombee</em></div><div class="chat battle-history"><strong>Ultair's team:</strong> <em style="color:#445566;display:block;">Ogerpon-Hearthflame / Conkeldurr / Roaring Moon / Slowbro / Thundurus-Therian / Diancie</em></div><div class="chat"><small> Phantom0rion joined</small></div><div class="spacer battle-history"><br></div><div class="battle-history">Battle started between conundromic and Ultair!<br></div><div class="spacer battle-history"><br></div><div class="battle-history">Go! <strong>Ribombee</strong>!<br></div><div class="spacer battle-history"><br></div><div class="battle-history">Ultair sent out Thundurus (<strong>Thundurus-Therian</strong>)!<br></div><div class="spacer battle-history"><br></div><h2 class="battle-history">Turn 1</h2><div class="spacer battle-history"><br></div><div class="battle-history">Ribombee used <strong>Sticky Web</strong>!<br></div><div class="battle-history"><small>A sticky web has been laid out on the ground around the opposing team!</small><br></div><div class="spacer battle-history"><br></div><div class="battle-history">The opposing Thundurus used <strong>Volt Switch</strong>!<br></div><div class="battle-history"><small>(Ribombee lost 70% of its health!)</small><br></div><div class="spacer battle-history"><br></div><div class="battle-history">The opposing Thundurus went back to Ultair!<br></div><div class="battle-history">Ultair sent out <strong>Diancie</strong>!<br></div><div class="battle-history"><small>The opposing Diancie was caught in a sticky web!</small><br></div><div class="battle-history">[The opposing Diancie's Clear Body]<br><small>The opposing Diancie's stats were not lowered!</small><br></div><div class="spacer battle-history"><br></div><h2 class="battle-history">Turn 2</h2><div class="spacer battle-history"><br></div><div class="battle-history">Ribombee, come back!<br></div><div class="battle-history">Go! <strong>Gliscor</strong>!<br></div><div class="spacer battle-history"><br></div><div class="battle-history"><small>The opposing Diancie has Terastallized into the Fairy-type!</small><br></div><div class="spacer battle-history"><br></div><div class="battle-history">The opposing Diancie used <strong>Stealth Rock</strong>!<br></div><div class="battle-history"><small>Pointed stones float in the air around your team!</small><br></div><div class="spacer battle-history"><br></div><div class="battle-history"><small>Gliscor was badly poisoned!</small><br></div><div class="spacer battle-history"><br></div><h2 class="battle-history">Turn 3</h2><div class="chat"><small> ChillerFrost and  mukmuk1 joined</small></div><div class="spacer battle-history"><br></div><div class="battle-history">Ultair withdrew Diancie!<br></div><div class="battle-history">Ultair sent out <strong>Conkeldurr</strong>!<br></div><div class="battle-history"><small>The opposing Conkeldurr was caught in a sticky web!</small><br></div><div class="battle-history"><small>The opposing Conkeldurr's Speed fell!</small><br></div><div class="spacer battle-history"><br></div><div class="battle-history">Gliscor used <strong>Knock Off</strong>!<br></div><div class="battle-history"><small>It's not very effective...</small><br></div><div class="battle-history"><small>(The opposing Conkeldurr lost 8% of its health!)</small><br></div><div class="battle-history"><small>Gliscor knocked off the opposing Conkeldurr's Assault Vest!</small><br></div><div class="spacer battle-history"><br></div><h2 class="battle-history">Turn 4</h2><div class="spacer battle-history"><br></div><div class="battle-history">Gliscor, come back!<br></div><div class="battle-history">Go! <strong>Annihilape</strong>!<br></div><div class="battle-history"><small>Pointed stones dug into Annihilape!</small><br></div><div class="spacer battle-history"><br></div><div class="battle-history">The opposing Conkeldurr used <strong>Ice Punch</strong>!<br></div><div class="battle-history"><small>(Annihilape lost 29% of its health!)</small><br></div><div class="spacer battle-history"><br></div><div class="battle-history"><small>Annihilape restored a little HP using its Leftovers!</small><br></div><div class="spacer battle-history"><br></div><h2 class="battle-history">Turn 5</h2><div class="spacer battle-history"><br></div><div class="battle-history">Ultair withdrew Conkeldurr!<br></div><div class="battle-history">Ultair sent out <strong>Diancie</strong>!<br></div><div class="battle-history"><small>The opposing Diancie was caught in a sticky web!</small><br></div><div class="battle-history">[The opposing Diancie's Clear Body]<br><small>The opposing Diancie's stats were not lowered!</small><br></div><div class="spacer battle-history"><br></div><div class="battle-history">Annihilape used <strong>Bulk Up</strong>!<br></div><div class="battle-history"><small>Annihilape's Attack rose!</small><br></div><div class="battle-history"><small>Annihilape's Defense rose!</small><br></div><div class="spacer battle-history"><br></div><div class="battle-history"><small>Annihilape restored a little HP using its Leftovers!</small><br></div><div class="spacer battle-history"><br></div><h2 class="battle-history">Turn 6</h2><div class="spacer battle-history"><br></div><div class="battle-history">Annihilape, come back!<br></div><div class="battle-history">Go! <strong>Dudunsparce</strong>!<br></div><div class="battle-history"><small>Pointed stones dug into Dudunsparce!</small><br></div><div class="spacer battle-history"><br></div><div class="battle-history">The opposing Diancie used <strong>Moonblast</strong>!<br></div><div class="battle-history"><small>(Dudunsparce lost 27% of its health!)</small><br></div><div class="battle-history"><small>Dudunsparce's Sp. Atk fell!</small><br></div><div class="spacer battle-history"><br></div><div class="battle-history"><small>Dudunsparce restored a little HP using its Leftovers!</small><br></div><div class="spacer battle-history"><br></div><h2 class="battle-history">Turn 7</h2><div class="spacer battle-history"><br></div><div class="battle-history">Dudunsparce used <strong>Body Slam</strong>!<br></div><div class="battle-history"><small>(The opposing Diancie lost 16% of its health!)</small><br></div><div class="battle-history"><small>The opposing Diancie is paralyzed! It may be unable to move!</small><br></div><div class="spacer battle-history"><br></div><div class="battle-history">The opposing Diancie used <strong>Body Press</strong>!<br></div><div class="battle-history"><small>It's super effective!</small><br></div><div class="battle-history"><small>(Dudunsparce lost 63% of its health!)</small><br></div><div class="spacer battle-history"><br></div><div class="battle-history"><small>Dudunsparce restored a little HP using its Leftovers!</small><br></div><div class="battle-history"><small>The opposing Diancie restored a little HP using its Leftovers!</small><br></div><div class="spacer battle-history"><br></div><h2 class="battle-history">Turn 8</h2><div class="spacer battle-history"><br></div><div class="battle-history"><small>Dudunsparce has Terastallized into the Poison-type!</small><br></div><div class="spacer battle-history"><br></div><div class="battle-history">Dudunsparce used <strong>Roost</strong>!<br></div><div class="battle-history"><small>Dudunsparce had its HP restored.</small><br></div><div class="spacer battle-history"><br></div><div class="battle-history">The opposing Diancie used <strong>Body Press</strong>!<br></div><div class="battle-history"><small>It's not very effective...</small><br></div><div class="battle-history"><small>(Dudunsparce lost 15% of its health!)</small><br></div><div class="spacer battle-history"><br></div><div class="battle-history"><small>Dudunsparce restored a little HP using its Leftovers!</small><br></div><div class="battle-history"><small>The opposing Diancie restored a little HP using its Leftovers!</small><br></div><div class="spacer battle-history"><br></div><h2 class="battle-history">Turn 9</h2><div class="spacer battle-history"><br></div><div class="battle-history">Ultair withdrew Diancie!<br></div><div class="battle-history">Ultair sent out Thundurus (<strong>Thundurus-Therian</strong>)!<br></div><div class="spacer battle-history"><br></div><div class="battle-history">Dudunsparce used <strong>Roost</strong>!<br></div><div class="battle-history"><small>Dudunsparce had its HP restored.</small><br></div><div class="spacer battle-history"><br></div><h2 class="battle-history">Turn 10</h2><div class="spacer battle-history"><br></div><div class="battle-history">The opposing Thundurus used <strong>Psychic</strong>!<br></div><div class="battle-history"><small>It's super effective!</small><br></div><div class="battle-history"><small>(Dudunsparce lost 41% of its health!)</small><br></div><div class="spacer battle-history"><br></div><div class="battle-history">Dudunsparce used <strong>Body Slam</strong>!<br></div><div class="battle-history"><small>(The opposing Thundurus lost 49% of its health!)</small><br></div><div class="spacer battle-history"><br></div><div class="battle-history"><small>Dudunsparce restored a little HP using its Leftovers!</small><br></div><div class="spacer battle-history"><br></div><h2 class="battle-history">Turn 11</h2><div class="spacer battle-history"><br></div><div class="battle-history">The opposing Thundurus used <strong>Psychic</strong>!<br></div><div class="battle-history"><small>It's super effective!</small><br></div><div class="battle-history"><small>(Dudunsparce lost 45% of its health!)</small><br></div><div class="spacer battle-history"><br></div><div class="battle-history">Dudunsparce used <strong>Body Slam</strong>!<br></div><div class="battle-history"><small>(The opposing Thundurus lost 42% of its health!)</small><br></div><div class="spacer battle-history"><br></div><div class="battle-history"><small>Dudunsparce restored a little HP using its Leftovers!</small><br></div><div class="spacer battle-history"><br></div><h2 class="battle-history">Turn 12</h2><div class="spacer battle-history"><br></div><div class="battle-history">Dudunsparce, come back!<br></div><div class="battle-history">Go! <strong>Gliscor</strong>!<br></div><div class="battle-history"><small>Pointed stones dug into Gliscor!</small><br></div><div class="spacer battle-history"><br></div><div class="battle-history">The opposing Thundurus used <strong>Psychic</strong>!<br></div><div class="battle-history"><small>(Gliscor lost 42% of its health!)</small><br></div><div class="battle-history"><small>Gliscor's Sp. Def fell!</small><br></div><div class="spacer battle-history"><br></div><div class="battle-history">[Gliscor's Poison Heal]<br><small>Gliscor had its HP restored.</small><br></div><div class="spacer battle-history"><br></div><h2 class="battle-history">Turn 13</h2><div class="spacer battle-history"><br></div><div class="battle-history">Gliscor, come back!<br></div><div class="battle-history">Go! <strong>Volcarona</strong>!<br></div><div class="spacer battle-history"><br></div><div class="battle-history">The opposing Thundurus used <strong>Psychic</strong>!<br></div><div class="battle-history"><small>(Volcarona lost 28% of its health!)</small><br></div><div class="spacer battle-history"><br></div><h2 class="battle-history">Turn 14</h2><div class="spacer battle-history"><br></div><div class="battle-history">The opposing Thundurus used <strong>Volt Switch</strong>!<br></div><div class="battle-history"><small>(Volcarona lost 36% of its health!)</small><br></div><div class="spacer battle-history"><br></div><div class="battle-history">The opposing Thundurus went back to Ultair!<br></div><div class="battle-history">Ultair sent out <strong>Diancie</strong>!<br></div><div class="battle-history"><small>The opposing Diancie was caught in a sticky web!</small><br></div><div class="battle-history">[The opposing Diancie's Clear Body]<br><small>The opposing Diancie's stats were not lowered!</small><br></div><div class="spacer battle-history"><br></div><div class="battle-history">Volcarona used <strong>U-turn</strong>!<br></div><div class="battle-history"><small>It's not very effective...</small><br></div><div class="battle-history"><small>A critical hit!</small><br></div><div class="battle-history"><small>(The opposing Diancie lost 7% of its health!)</small><br></div><div class="spacer battle-history"><br></div><div class="battle-history">Volcarona went back to conundromic!<br></div><div class="battle-history">Go! <strong>Dudunsparce</strong>!<br></div><div class="battle-history"><small>Pointed stones dug into Dudunsparce!</small><br></div><div class="spacer battle-history"><br></div><div class="battle-history"><small>Dudunsparce restored a little HP using its Leftovers!</small><br></div><div class="battle-history"><small>The opposing Diancie restored a little HP using its Leftovers!</small><br></div><div class="spacer battle-history"><br></div><h2 class="battle-history">Turn 15</h2><div class="chat"><small> serendipidu joined</small></div><div class="chat chatmessage-serendipidu"><strong style="color:#7c53d9"><small> </small><span class="username" data-name="serendipidu">serendipidu</span>:</strong> <em>diancie is so cool</em></div><div class="chat chatmessage-phantom0rion"><strong style="color:#0aa74e"><small> </small><span class="username" data-name="Phantom0rion">Phantom0rion</span>:</strong> <em>yap</em></div><div class="spacer battle-history"><br></div><div class="battle-history">Ultair withdrew Diancie!<br></div><div class="battle-history">Ultair sent out Thundurus (<strong>Thundurus-Therian</strong>)!<br></div><div class="spacer battle-history"><br></div><div class="battle-history">Dudunsparce used <strong>Roost</strong>!<br></div><div class="battle-history"><small>Dudunsparce had its HP restored.</small><br></div><div class="spacer battle-history"><br></div><div class="battle-history"><small>Dudunsparce restored a little HP using its Leftovers!</small><br></div><div class="spacer battle-history"><br></div><h2 class="battle-history">Turn 16</h2><div class="spacer battle-history"><br></div><div class="battle-history">The opposing Thundurus used <strong>Psychic</strong>!<br></div><div class="battle-history"><small>It's super effective!</small><br></div><div class="battle-history"><small>(Dudunsparce lost 44% of its health!)</small><br></div><div class="spacer battle-history"><br></div><div class="battle-history">Dudunsparce used <strong>Body Slam</strong>!<br></div><div class="battle-history"><small>(The opposing Thundurus lost 9% of its health!)</small><br></div><div class="spacer battle-history"><br></div><div class="battle-history">The opposing Thundurus fainted!<br></div><div class="spacer battle-history"><br></div><div class="battle-history"><small>Dudunsparce restored a little HP using its Leftovers!</small><br></div><div class="spacer battle-history"><br></div><div class="battle-history">Ultair sent out Ogerpon (<strong>Ogerpon-Hearthflame</strong>)!<br></div><div class="battle-history"><small>The opposing Ogerpon was caught in a sticky web!</small><br></div><div class="battle-history"><small>The opposing Ogerpon's Speed fell!</small><br></div><div class="battle-history">[The opposing Ogerpon's Mold Breaker]<br><small>The opposing Ogerpon breaks the mold!</small><br></div><div class="spacer battle-history"><br></div><h2 class="battle-history">Turn 17</h2><div class="chat"><small> Phantom0rion left</small></div><div class="spacer battle-history"><br></div><div class="battle-history">Dudunsparce, come back!<br></div><div class="battle-history">Go! <strong>Ribombee</strong>!<br></div><div class="battle-history"><small>Pointed stones dug into Ribombee!</small><br></div><div class="spacer battle-history"><br></div><div class="battle-history">The opposing Ogerpon used <strong>Ivy Cudgel</strong>!<br></div><div class="battle-history"><small>It's super effective!</small><br></div><div class="battle-history"><small>(Ribombee lost 5% of its health!)</small><br></div><div class="spacer battle-history"><br></div><div class="battle-history">Ribombee fainted!<br></div><div class="chat"><small> Phantom0rion joined</small></div><div class="spacer battle-history"><br></div><div class="battle-history">Go! <strong>Volcarona</strong>!<br></div><div class="spacer battle-history"><br></div><h2 class="battle-history">Turn 18</h2><div class="spacer battle-history"><br></div><div class="battle-history">Volcarona used <strong>Flamethrower</strong>!<br></div><div class="battle-history"><small>(The opposing Ogerpon lost 48% of its health!)</small><br></div><div class="spacer battle-history"><br></div><div class="battle-history">The opposing Ogerpon used <strong>Ivy Cudgel</strong>!<br></div><div class="battle-history"><small>(Volcarona lost 36% of its health!)</small><br></div><div class="spacer battle-history"><br></div><div class="battle-history">Volcarona fainted!<br></div><div class="spacer battle-history"><br></div><div class="battle-history">Go! <strong>Weavile</strong>!<br></div><div class="battle-history"><small>Pointed stones dug into Weavile!</small><br></div><div class="battle-history">[Weavile's Pressure]<br><small>Weavile is exerting its pressure!</small><br></div><div class="spacer battle-history"><br></div><h2 class="battle-history">Turn 19</h2><div class="spacer battle-history"><br></div><div class="battle-history">Ultair withdrew Ogerpon!<br></div><div class="battle-history">Ultair sent out <strong>Conkeldurr</strong>!<br></div><div class="battle-history"><small>The opposing Conkeldurr was caught in a sticky web!</small><br></div><div class="battle-history"><small>The opposing Conkeldurr's Speed fell!</small><br></div><div class="spacer battle-history"><br></div><div class="battle-history">Weavile used <strong>Triple Axel</strong>!<br></div><div class="battle-history"><small>(The opposing Conkeldurr lost 13% of its health!)</small><br></div><div class="battle-history"><small>(The opposing Conkeldurr lost 22% of its health!)</small><br></div><div class="battle-history"><small>(The opposing Conkeldurr lost 33% of its health!)</small><br></div><div class="battle-history"><small>The Pokémon was hit 3 times!</small><br></div><div class="battle-history"><small>Weavile lost some of its HP!</small><br></div><div class="spacer battle-history"><br></div><h2 class="battle-history">Turn 20</h2><div class="chat"><small> 25Days joined</small></div><div class="spacer battle-history"><br></div><div class="battle-history">Weavile, come back!<br></div><div class="battle-history">Go! <strong>Dudunsparce</strong>!<br></div><div class="battle-history"><small>Pointed stones dug into Dudunsparce!</small><br></div><div class="spacer battle-history"><br></div><div class="battle-history">Ultair withdrew Conkeldurr!<br></div><div class="battle-history">Ultair sent out <strong>Diancie</strong>!<br></div><div class="battle-history"><small>The opposing Diancie was caught in a sticky web!</small><br></div><div class="battle-history">[The opposing Diancie's Clear Body]<br><small>The opposing Diancie's stats were not lowered!</small><br></div><div class="spacer battle-history"><br></div><div class="battle-history"><small>Dudunsparce restored a little HP using its Leftovers!</small><br></div><div class="battle-history"><small>The opposing Diancie restored a little HP using its Leftovers!</small><br></div><div class="spacer battle-history"><br></div><h2 class="battle-history">Turn 21</h2><div class="spacer battle-history"><br></div><div class="battle-history">Dudunsparce used <strong>Roost</strong>!<br></div><div class="battle-history"><small>Dudunsparce had its HP restored.</small><br></div><div class="spacer battle-history"><br></div><div class="battle-history">The opposing Diancie is paralyzed! It can't move!<br></div><div class="spacer battle-history"><br></div><div class="battle-history"><small>Dudunsparce restored a little HP using its Leftovers!</small><br></div><div class="spacer battle-history"><br></div><h2 class="battle-history">Turn 22</h2><div class="chat"><small> ksch joined</small></div><div class="spacer battle-history"><br></div><div class="battle-history">Dudunsparce used <strong>Coil</strong>!<br></div><div class="battle-history"><small>Dudunsparce's Attack rose!</small><br></div><div class="battle-history"><small>Dudunsparce's Defense rose!</small><br></div><div class="battle-history"><small>Dudunsparce's accuracy rose!</small><br></div><div class="spacer battle-history"><br></div><div class="battle-history">The opposing Diancie used <strong>Diamond Storm</strong>!<br></div><div class="battle-history"><small>(Dudunsparce lost 22% of its health!)</small><br></div><div class="battle-history"><small>The opposing Diancie's Defense rose sharply!</small><br></div><div class="spacer battle-history"><br></div><div class="battle-history"><small>Dudunsparce restored a little HP using its Leftovers!</small><br></div><div class="spacer battle-history"><br></div><h2 class="battle-history">Turn 23</h2><div class="chat"><small> DoctaShock joined</small></div><div class="spacer battle-history"><br></div><div class="battle-history">Dudunsparce used <strong>Coil</strong>!<br></div><div class="battle-history"><small>Dudunsparce's Attack rose!</small><br></div><div class="battle-history"><small>Dudunsparce's Defense rose!</small><br></div><div class="battle-history"><small>Dudunsparce's accuracy rose!</small><br></div><div class="spacer battle-history"><br></div><div class="battle-history">The opposing Diancie used <strong>Diamond Storm</strong>!<br></div><div class="battle-history"><small>(Dudunsparce lost 17% of its health!)</small><br></div><div class="battle-history"><small>The opposing Diancie's Defense rose sharply!</small><br></div><div class="spacer battle-history"><br></div><div class="battle-history"><small>Dudunsparce restored a little HP using its Leftovers!</small><br></div><div class="spacer battle-history"><br></div><h2 class="battle-history">Turn 24</h2><div class="spacer battle-history"><br></div><div class="battle-history">Dudunsparce used <strong>Coil</strong>!<br></div><div class="battle-history"><small>Dudunsparce's Attack rose!</small><br></div><div class="battle-history"><small>Dudunsparce's Defense rose!</small><br></div><div class="battle-history"><small>Dudunsparce's accuracy rose!</small><br></div><div class="spacer battle-history"><br></div><div class="battle-history">The opposing Diancie used <strong>Diamond Storm</strong>!<br></div><div class="battle-history"><small>(Dudunsparce lost 12% of its health!)</small><br></div><div class="spacer battle-history"><br></div><div class="battle-history"><small>Dudunsparce restored a little HP using its Leftovers!</small><br></div><div class="spacer battle-history"><br></div><h2 class="battle-history">Turn 25</h2><div class="spacer battle-history"><br></div><div class="battle-history">Dudunsparce used <strong>Coil</strong>!<br></div><div class="battle-history"><small>Dudunsparce's Attack rose!</small><br></div><div class="battle-history"><small>Dudunsparce's Defense rose!</small><br></div><div class="battle-history"><small>Dudunsparce's accuracy rose!</small><br></div><div class="spacer battle-history"><br></div><div class="battle-history">The opposing Diancie used <strong>Diamond Storm</strong>!<br></div><div class="battle-history"><small>(Dudunsparce lost 11% of its health!)</small><br></div><div class="battle-history"><small>The opposing Diancie's Defense rose sharply!</small><br></div><div class="spacer battle-history"><br></div><div class="battle-history"><small>Dudunsparce restored a little HP using its Leftovers!</small><br></div><div class="spacer battle-history"><br></div><h2 class="battle-history">Turn 26</h2><div class="spacer battle-history"><br></div><div class="battle-history">Dudunsparce used <strong>Coil</strong>!<br></div><div class="battle-history"><small>Dudunsparce's Attack rose!</small><br></div><div class="battle-history"><small>Dudunsparce's Defense rose!</small><br></div><div class="battle-history"><small>Dudunsparce's accuracy rose!</small><br></div><div class="spacer battle-history"><br></div><div class="battle-history">The opposing Diancie used <strong>Body Press</strong>!<br></div><div class="battle-history"><small>It's not very effective...</small><br></div><div class="battle-history"><small>(Dudunsparce lost 16% of its health!)</small><br></div><div class="spacer battle-history"><br></div><div class="battle-history"><small>Dudunsparce restored a little HP using its Leftovers!</small><br></div><div class="spacer battle-history"><br></div><h2 class="battle-history">Turn 27</h2><div class="spacer battle-history"><br></div><div class="battle-history">Dudunsparce used <strong>Roost</strong>!<br></div><div class="battle-history"><small>Dudunsparce had its HP restored.</small><br></div><div class="spacer battle-history"><br></div><div class="battle-history">The opposing Diancie used <strong>Body Press</strong>!<br></div><div class="battle-history"><small>It's not very effective...</small><br></div><div class="battle-history"><small>(Dudunsparce lost 17% of its health!)</small><br></div><div class="spacer battle-history"><br></div><div class="battle-history"><small>Dudunsparce restored a little HP using its Leftovers!</small><br></div><div class="spacer battle-history"><br></div><h2 class="battle-history">Turn 28</h2><div class="spacer battle-history"><br></div><div class="battle-history">Dudunsparce used <strong>Coil</strong>!<br></div><div class="battle-history"><small>Dudunsparce's Attack rose!</small><br></div><div class="battle-history"><small>Dudunsparce's Defense rose!</small><br></div><div class="battle-history"><small>Dudunsparce's accuracy rose!</small><br></div><div class="spacer battle-history"><br></div><div class="battle-history">The opposing Diancie is paralyzed! It can't move!<br></div><div class="spacer battle-history"><br></div><div class="battle-history"><small>Dudunsparce restored a little HP using its Leftovers!</small><br></div><div class="spacer battle-history"><br></div><h2 class="battle-history">Turn 29</h2><div class="spacer battle-history"><br></div><div class="battle-history">Dudunsparce used <strong>Body Slam</strong>!<br></div><div class="battle-history"><small>(The opposing Diancie lost 19% of its health!)</small><br></div><div class="spacer battle-history"><br></div><div class="battle-history">The opposing Diancie used <strong>Body Press</strong>!<br></div><div class="battle-history"><small>It's not very effective...</small><br></div><div class="battle-history"><small>(Dudunsparce lost 17% of its health!)</small><br></div><div class="spacer battle-history"><br></div><div class="battle-history"><small>Dudunsparce restored a little HP using its Leftovers!</small><br></div><div class="battle-history"><small>The opposing Diancie restored a little HP using its Leftovers!</small><br></div><div class="spacer battle-history"><br></div><h2 class="battle-history">Turn 30</h2><div class="spacer battle-history"><br></div><div class="battle-history">Dudunsparce used <strong>Body Slam</strong>!<br></div><div class="battle-history"><small>(The opposing Diancie lost 18% of its health!)</small><br></div><div class="spacer battle-history"><br></div><div class="battle-history">The opposing Diancie is paralyzed! It can't move!<br></div><div class="spacer battle-history"><br></div><div class="battle-history"><small>Dudunsparce restored a little HP using its Leftovers!</small><br></div><div class="battle-history"><small>The opposing Diancie restored a little HP using its Leftovers!</small><br></div><div class="spacer battle-history"><br></div><h2 class="battle-history">Turn 31</h2><div class="spacer battle-history"><br></div><div class="battle-history">Dudunsparce used <strong>Body Slam</strong>!<br></div><div class="battle-history"><small>(The opposing Diancie lost 18% of its health!)</small><br></div><div class="spacer battle-history"><br></div><div class="battle-history">The opposing Diancie used <strong>Body Press</strong>!<br></div><div class="battle-history"><small>It's not very effective...</small><br></div><div class="battle-history"><small>(Dudunsparce lost 14% of its health!)</small><br></div><div class="spacer battle-history"><br></div><div class="battle-history"><small>Dudunsparce restored a little HP using its Leftovers!</small><br></div><div class="battle-history"><small>The opposing Diancie restored a little HP using its Leftovers!</small><br></div><div class="spacer battle-history"><br></div><h2 class="battle-history">Turn 32</h2><div class="spacer battle-history"><br></div><div class="battle-history">Dudunsparce used <strong>Body Slam</strong>!<br></div><div class="battle-history"><small>(The opposing Diancie lost 17% of its health!)</small><br></div><div class="spacer battle-history"><br></div><div class="battle-history">The opposing Diancie used <strong>Body Press</strong>!<br></div><div class="battle-history"><small>It's not very effective...</small><br></div><div class="battle-history"><small>(Dudunsparce lost 15% of its health!)</small><br></div><div class="spacer battle-history"><br></div><div class="battle-history"><small>Dudunsparce restored a little HP using its Leftovers!</small><br></div><div class="battle-history"><small>The opposing Diancie restored a little HP using its Leftovers!</small><br></div><div class="spacer battle-history"><br></div><h2 class="battle-history">Turn 33</h2><div class="spacer battle-history"><br></div><div class="battle-history">Dudunsparce used <strong>Body Slam</strong>!<br></div><div class="battle-history"><small>(The opposing Diancie lost 17% of its health!)</small><br></div><div class="spacer battle-history"><br></div><div class="battle-history">The opposing Diancie used <strong>Body Press</strong>!<br></div><div class="battle-history"><small>It's not very effective...</small><br></div><div class="battle-history"><small>(Dudunsparce lost 15% of its health!)</small><br></div><div class="spacer battle-history"><br></div><div class="battle-history"><small>Dudunsparce restored a little HP using its Leftovers!</small><br></div><div class="battle-history"><small>The opposing Diancie restored a little HP using its Leftovers!</small><br></div><div class="spacer battle-history"><br></div><h2 class="battle-history">Turn 34</h2><div class="spacer battle-history"><br></div><div class="battle-history">Dudunsparce used <strong>Body Slam</strong>!<br></div><div class="battle-history"><small>(The opposing Diancie lost 18% of its health!)</small><br></div><div class="spacer battle-history"><br></div><div class="battle-history">The opposing Diancie used <strong>Body Press</strong>!<br></div><div class="battle-history"><small>It's not very effective...</small><br></div><div class="battle-history"><small>A critical hit!</small><br></div><div class="battle-history"><small>(Dudunsparce lost 58% of its health!)</small><br></div><div class="spacer battle-history"><br></div><div class="battle-history">Dudunsparce fainted!<br></div><div class="spacer battle-history"><br></div><div class="battle-history"><small>The opposing Diancie restored a little HP using its Leftovers!</small><br></div><div class="spacer battle-history"><br></div><div class="battle-history">Go! <strong>Weavile</strong>!<br></div><div class="battle-history"><small>Pointed stones dug into Weavile!</small><br></div><div class="battle-history">[Weavile's Pressure]<br><small>Weavile is exerting its pressure!</small><br></div><div class="spacer battle-history"><br></div><h2 class="battle-history">Turn 35</h2><div class="chat"><small> Phantom0rion left</small></div><div class="spacer battle-history"><br></div><div class="battle-history">Weavile used <strong>Triple Axel</strong>!<br></div><div class="battle-history"><small>(The opposing Diancie lost 3% of its health!)</small><br></div><div class="battle-history"><small>(The opposing Diancie lost 4% of its health!)</small><br></div><div class="battle-history"><small>(The opposing Diancie lost 6% of its health!)</small><br></div><div class="battle-history"><small>The Pokémon was hit 3 times!</small><br></div><div class="battle-history"><small>Weavile lost some of its HP!</small><br></div><div class="spacer battle-history"><br></div><div class="battle-history">The opposing Diancie used <strong>Moonblast</strong>!<br></div><div class="battle-history"><small>It's super effective!</small><br></div><div class="battle-history"><small>(Weavile lost 31% of its health!)</small><br></div><div class="spacer battle-history"><br></div><div class="battle-history">Weavile fainted!<br></div><div class="spacer battle-history"><br></div><div class="battle-history"><small>The opposing Diancie restored a little HP using its Leftovers!</small><br></div><div class="spacer battle-history"><br></div><div class="battle-history">Go! <strong>Annihilape</strong>!<br></div><div class="battle-history"><small>Pointed stones dug into Annihilape!</small><br></div><div class="spacer battle-history"><br></div><h2 class="battle-history">Turn 36</h2><div class="spacer battle-history"><br></div><div class="battle-history">Annihilape used <strong>Rage Fist</strong>!<br></div><div class="battle-history"><small>A critical hit!</small><br></div><div class="battle-history"><small>(The opposing Diancie lost 22% of its health!)</small><br></div><div class="spacer battle-history"><br></div><div class="battle-history">The opposing Diancie fainted!<br></div><div class="spacer battle-history"><br></div><div class="battle-history"><small>Annihilape restored a little HP using its Leftovers!</small><br></div><div class="chat"><small> Phantom0rion and  daotxtoad joined</small></div><div class="chat chatmessage-ultair"><strong style="color:#3a9240"><small>☆</small><span class="username" data-name="Ultair">Ultair</span>:</strong> <em>:(</em></div><div class="chat chatmessage-conundromic"><strong style="color:#2d8875"><small>☆</small><span class="username" data-name="conundromic">conundromic</span>:</strong> <em>i mean you crit to win the battle vs dudunsparce lol</em></div><div class="chat chatmessage-conundromic"><strong style="color:#2d8875"><small>☆</small><span class="username" data-name="conundromic">conundromic</span>:</strong> <em>and didnt get para'd</em></div><div class="chat chatmessage-ultair"><strong style="color:#3a9240"><small>☆</small><span class="username" data-name="Ultair">Ultair</span>:</strong> <em>fs</em></div><div class="chat chatmessage-conundromic"><strong style="color:#2d8875"><small>☆</small><span class="username" data-name="conundromic">conundromic</span>:</strong> <em>like at all</em></div><div class="chat chatmessage-ultair"><strong style="color:#3a9240"><small>☆</small><span class="username" data-name="Ultair">Ultair</span>:</strong> <em>just sad</em></div><div class="chat chatmessage-ultair"><strong style="color:#3a9240"><small>☆</small><span class="username" data-name="Ultair">Ultair</span>:</strong> <em>def deserved</em></div><div class="spacer battle-history"><br></div><div class="battle-history">Ultair sent out Ogerpon (<strong>Ogerpon-Hearthflame</strong>)!<br></div><div class="battle-history"><small>The opposing Ogerpon was caught in a sticky web!</small><br></div><div class="battle-history"><small>The opposing Ogerpon's Speed fell!</small><br></div><div class="battle-history">[The opposing Ogerpon's Mold Breaker]<br><small>The opposing Ogerpon breaks the mold!</small><br></div><div class="spacer battle-history"><br></div><h2 class="battle-history">Turn 37</h2><div class="spacer battle-history"><br></div><div class="battle-history">Annihilape used <strong>Bulk Up</strong>!<br></div><div class="battle-history"><small>Annihilape's Attack rose!</small><br></div><div class="battle-history"><small>Annihilape's Defense rose!</small><br></div><div class="spacer battle-history"><br></div><div class="battle-history">The opposing Ogerpon used <strong>Ivy Cudgel</strong>!<br></div><div class="battle-history"><small>(Annihilape lost 39% of its health!)</small><br></div><div class="spacer battle-history"><br></div><div class="battle-history"><small>Annihilape restored a little HP using its Leftovers!</small><br></div><div class="spacer battle-history"><br></div><h2 class="battle-history">Turn 38</h2><div class="spacer battle-history"><br></div><div class="battle-history">Annihilape used <strong>Drain Punch</strong>!<br></div><div class="battle-history"><small>(The opposing Ogerpon lost 52% of its health!)</small><br></div><div class="battle-history"><small>The opposing Ogerpon had its energy drained!</small><br></div><div class="spacer battle-history"><br></div><div class="battle-history">The opposing Ogerpon fainted!<br></div><div class="spacer battle-history"><br></div><div class="battle-history"><small>Annihilape restored a little HP using its Leftovers!</small><br></div><div class="spacer battle-history"><br></div><div class="battle-history">Ultair sent out <strong>Slowbro</strong>!<br></div><div class="battle-history"><small>The opposing Slowbro was caught in a sticky web!</small><br></div><div class="battle-history"><small>The opposing Slowbro's Speed fell!</small><br></div><div class="spacer battle-history"><br></div><h2 class="battle-history">Turn 39</h2><div class="spacer battle-history"><br></div><div class="battle-history">Annihilape used <strong>Rage Fist</strong>!<br></div><div class="battle-history"><small>It's super effective!</small><br></div><div class="battle-history"><small>(The opposing Slowbro lost 100% of its health!)</small><br></div><div class="spacer battle-history"><br></div><div class="battle-history">The opposing Slowbro fainted!<br></div><div class="spacer battle-history"><br></div><div class="battle-history"><small>Annihilape restored a little HP using its Leftovers!</small><br></div><div class="spacer battle-history"><br></div><div class="battle-history">Ultair sent out <strong>Roaring Moon</strong>!<br></div><div class="battle-history"><small>The opposing Roaring Moon was caught in a sticky web!</small><br></div><div class="battle-history"><small>The opposing Roaring Moon's Speed fell!</small><br></div><div class="spacer battle-history"><br></div><h2 class="battle-history">Turn 40</h2><div class="spacer battle-history"><br></div><div class="battle-history">Annihilape used <strong>Drain Punch</strong>!<br></div><div class="battle-history"><small>It's super effective!</small><br></div><div class="battle-history"><small>(The opposing Roaring Moon lost 100% of its health!)</small><br></div><div class="battle-history"><small>The opposing Roaring Moon had its energy drained!</small><br></div><div class="spacer battle-history"><br></div><div class="battle-history">The opposing Roaring Moon fainted!<br></div><div class="spacer battle-history"><br></div><div class="battle-history">Ultair sent out <strong>Conkeldurr</strong>!<br></div><div class="battle-history"><small>The opposing Conkeldurr was caught in a sticky web!</small><br></div><div class="battle-history"><small>The opposing Conkeldurr's Speed fell!</small><br></div><div class="spacer battle-history"><br></div><h2 class="battle-history">Turn 41</h2><div class="chat chatmessage-ultair"><strong style="color:#3a9240"><small>☆</small><span class="username" data-name="Ultair">Ultair</span>:</strong> <em>gg</em></div><div class="spacer battle-history"><br></div><div class="battle-history">Annihilape used <strong>Rage Fist</strong>!<br></div><div class="battle-history"><small>(The opposing Conkeldurr lost 24% of its health!)</small><br></div><div class="spacer battle-history"><br></div><div class="battle-history">The opposing Conkeldurr fainted!<br></div><div class="spacer battle-history"><br></div><div class="battle-history"><strong>conundromic</strong> won the battle!<br></div><div class="chat chatmessage-conundromic"><strong style="color:#2d8875"><small>☆</small><span class="username" data-name="conundromic">conundromic</span>:</strong> <em>gg</em></div><div class="chat"><small> daotxtoad left</small></div><div class="chat chatmessage-conundromic"><strong style="color:#2d8875"><small>☆</small><span class="username" data-name="conundromic">conundromic</span>:</strong> <em>dumbest battle of all time</em></div><div class="chat chatmessage-conundromic"><strong style="color:#2d8875"><small>☆</small><span class="username" data-name="conundromic">conundromic</span>:</strong> <em>tbh</em></div><div class="chat chatmessage-ultair"><strong style="color:#3a9240"><small>☆</small><span class="username" data-name="Ultair">Ultair</span>:</strong> <em>yea</em></div><div class="chat"><small> ksch left</small></div><div class="chat chatmessage-conundromic"><strong style="color:#2d8875"><small>☆</small><span class="username" data-name="conundromic">conundromic</span>:</strong> <em>crits = win</em></div><div class="chat chatmessage-ultair"><strong style="color:#3a9240"><small>☆</small><span class="username" data-name="Ultair">Ultair</span>:</strong> <em>how she goes</em></div><div class="chat chatmessage-conundromic"><strong style="color:#2d8875"><small>☆</small><span class="username" data-name="conundromic">conundromic</span>:</strong> <em>i guess</em></div><div class="chat chatmessage-conundromic"><strong style="color:#2d8875"><small>☆</small><span class="username" data-name="conundromic">conundromic</span>:</strong> <em>haha yeah</em></div></div><div class="inner-preempt message-log"></div></div></div>
</div>
<script>
let daily = Math.floor(Date.now()/1000/60/60/24);document.write('<script src="https://play.pokemonshowdown.com/js/replay-embed.js?version'+daily+'"></'+'script>');
</script>
