<!DOCTYPE html>
<meta charset="utf-8" />
<!-- version 1 -->
<title>[Gen 9] NatDex Draft replay: Blader1176 vs. kaui</title>
<style>
html,body {font-family:Verdana, sans-serif;font-size:10pt;margin:0;padding:0;}body{padding:12px 0;} .battle-log {font-family:Verdana, sans-serif;font-size:10pt;} .battle-log-inline {border:1px solid #AAAAAA;background:#EEF2F5;color:black;max-width:640px;margin:0 auto 80px;padding-bottom:5px;} .battle-log .inner {padding:4px 8px 0px 8px;} .battle-log .inner-preempt {padding:0 8px 4px 8px;} .battle-log .inner-after {margin-top:0.5em;} .battle-log h2 {margin:0.5em -8px;padding:4px 8px;border:1px solid #AAAAAA;background:#E0E7EA;border-left:0;border-right:0;font-family:Verdana, sans-serif;font-size:13pt;} .battle-log .chat {vertical-align:middle;padding:3px 0 3px 0;font-size:8pt;} .battle-log .chat strong {color:#40576A;} .battle-log .chat em {padding:1px 4px 1px 3px;color:#000000;font-style:normal;} .chat.mine {background:rgba(0,0,0,0.05);margin-left:-8px;margin-right:-8px;padding-left:8px;padding-right:8px;} .spoiler {color:#BBBBBB;background:#BBBBBB;padding:0px 3px;} .spoiler:hover, .spoiler:active, .spoiler-shown {color:#000000;background:#E2E2E2;padding:0px 3px;} .spoiler a {color:#BBBBBB;} .spoiler:hover a, .spoiler:active a, .spoiler-shown a {color:#2288CC;} .chat code, .chat .spoiler:hover code, .chat .spoiler:active code, .chat .spoiler-shown code {border:1px solid #C0C0C0;background:#EEEEEE;color:black;padding:0 2px;} .chat .spoiler code {border:1px solid #CCCCCC;background:#CCCCCC;color:#CCCCCC;} .battle-log .rated {padding:3px 4px;} .battle-log .rated strong {color:white;background:#89A;padding:1px 4px;border-radius:4px;} .spacer {margin-top:0.5em;} .message-announce {background:#6688AA;color:white;padding:1px 4px 2px;} .message-announce a, .broadcast-green a, .broadcast-blue a, .broadcast-red a {color:#DDEEFF;} .broadcast-green {background-color:#559955;color:white;padding:2px 4px;} .broadcast-blue {background-color:#6688AA;color:white;padding:2px 4px;} .infobox {border:1px solid #6688AA;padding:2px 4px;} .infobox-limited {max-height:200px;overflow:auto;overflow-x:hidden;} .broadcast-red {background-color:#AA5544;color:white;padding:2px 4px;} .message-learn-canlearn {font-weight:bold;color:#228822;text-decoration:underline;} .message-learn-cannotlearn {font-weight:bold;color:#CC2222;text-decoration:underline;} .message-effect-weak {font-weight:bold;color:#CC2222;} .message-effect-resist {font-weight:bold;color:#6688AA;} .message-effect-immune {font-weight:bold;color:#666666;} .message-learn-list {margin-top:0;margin-bottom:0;} .message-throttle-notice, .message-error {color:#992222;} .message-overflow, .chat small.message-overflow {font-size:0pt;} .message-overflow::before {font-size:9pt;content:'...';} .subtle {color:#3A4A66;}
</style>
<div class="wrapper replay-wrapper" style="max-width:1180px;margin:0 auto">
<input type="hidden" name="replayid" value="gen9natdexdraft-2307344799" />
<div class="battle"></div><div class="battle-log"></div><div class="replay-controls"></div><div class="replay-controls-2"></div>
<h1 style="font-weight:normal;text-align:center"><strong>[Gen 9] NatDex Draft</strong><br /><a href="http://pokemonshowdown.com/users/blader1176" class="subtle" target="_blank">Blader1176</a> vs. <a href="http://pokemonshowdown.com/users/kaui" class="subtle" target="_blank">kaui</a></h1>
<script type="text/plain" class="battle-log-data">
|j|☆Blader1176
|j|☆kaui
|t:|1740456309
|gametype|singles
|player|p1|Blader1176|pilot|
|player|p2|kaui|flannery|
|teamsize|p1|6
|teamsize|p2|6
|gen|9
|tier|[Gen 9] NatDex Draft
|rule|Sleep Clause Mod: Limit one foe put to sleep
|rule|OHKO Clause: OHKO moves are banned
|rule|Evasion Clause: Evasion abilities, items, and moves are banned
|rule|Evasion Abilities Clause: Evasion abilities are banned
|rule|Evasion Items Clause: Evasion items are banned
|rule|Evasion Moves Clause: Evasion moves are banned
|rule|Endless Battle Clause: Forcing endless battles is banned
|rule|HP Percentage Mod: HP is shown in percentages
|clearpoke
|poke|p1|Zygarde|
|poke|p1|Regirock|
|poke|p1|Pecharunt|
|poke|p1|Kartana|
|poke|p1|Iron Bundle|
|poke|p1|Obstagoon, M|
|poke|p2|Enamorus, F|
|poke|p2|Ogerpon-Wellspring, F|
|poke|p2|Dragapult, F|
|poke|p2|Slowking-Galar, M|
|poke|p2|Corviknight, F|
|poke|p2|Porygon-Z|
|teampreview
|j| ChillerFrost
|c|☆kaui|hii
|c|☆Blader1176|heya
|j| conundromic
|j| foodss
|j| Bunnnies
|c|☆Blader1176|gl hf :)
|c| conundromic|too many battles all at once >:(
|j| mukmuk1
|j| Phantom0rion
|j| SDFJASODIFJ
|n| SDFJASODIFJ|sdfjasodifj
|c| SDFJASODIFJ|am i in
|c| SDFJASODIFJ|perfect
|j| Gym Leder Brawl
|c|☆Blader1176|üⁿ üⁿ üⁿ
|
|t:|1740456560
|start
|switch|p1a: Regirock|Regirock|100\/100
|switch|p2a: Ogerpon|Ogerpon-Wellspring, F|100\/100
|turn|1
|j| serendipidu
|
|t:|1740456623
|-terastallize|p1a: Regirock|Flying
|move|p2a: Ogerpon|Horn Leech|p1a: Regirock
|-resisted|p1a: Regirock
|-damage|p1a: Regirock|92\/100
|move|p1a: Regirock|Toxic|p2a: Ogerpon
|-status|p2a: Ogerpon|tox
|
|-heal|p1a: Regirock|98\/100|[from] item: Leftovers
|-damage|p2a: Ogerpon|95\/100 tox|[from] psn
|upkeep
|turn|2
|c|☆Blader1176|!servertime
|c| Blader1176|\/raw <div class="infobox">Server time: <b>2\/25\/2025, 4:10:24 AM<\/b><\/div>
|j| DoctaShock
|
|t:|1740456673
|switch|p2a: Slowking|Slowking-Galar, M|100\/100
|move|p1a: Regirock|Stealth Rock|p2a: Slowking
|-sidestart|p2: kaui|move: Stealth Rock
|
|-heal|p1a: Regirock|100\/100|[from] item: Leftovers
|upkeep
|turn|3
|j| daotxtoad
|
|t:|1740456728
|move|p1a: Regirock|Rock Blast|p2a: Slowking
|-damage|p2a: Slowking|91\/100
|-damage|p2a: Slowking|82\/100
|-hitcount|p2a: Slowking|2
|move|p2a: Slowking|Thunder Wave|p1a: Regirock
|-status|p1a: Regirock|par
|
|-heal|p2a: Slowking|88\/100|[from] item: Leftovers
|upkeep
|turn|4
|j| ksch
|
|t:|1740456771
|switch|p1a: Obstagoon|Obstagoon, M, shiny|100\/100
|move|p2a: Slowking|Chilly Reception|p2a: Slowking
|-weather|Snow
|
|t:|1740456791
|switch|p2a: Corviknight|Corviknight, F|100\/100|[from] Chilly Reception
|-damage|p2a: Corviknight|88\/100|[from] Stealth Rock
|-ability|p2a: Corviknight|Pressure
|
|-weather|Snow|[upkeep]
|-heal|p2a: Corviknight|94\/100|[from] item: Leftovers
|-status|p1a: Obstagoon|brn|[from] item: Flame Orb
|upkeep
|turn|5
|
|t:|1740456811
|move|p1a: Obstagoon|Knock Off|p2a: Corviknight
|-damage|p2a: Corviknight|53\/100
|-enditem|p2a: Corviknight|Leftovers|[from] move: Knock Off|[of] p1a: Obstagoon
|move|p2a: Corviknight|Body Press|p1a: Obstagoon
|-supereffective|p1a: Obstagoon
|-damage|p1a: Obstagoon|0 fnt
|faint|p1a: Obstagoon
|
|-weather|Snow|[upkeep]
|upkeep
|
|t:|1740456861
|switch|p1a: Pecharunt|Pecharunt|100\/100
|turn|6
|
|t:|1740456888
|move|p1a: Pecharunt|Hex|p2a: Corviknight
|-damage|p2a: Corviknight|33\/100
|move|p2a: Corviknight|Roost|p2a: Corviknight
|-heal|p2a: Corviknight|83\/100
|-singleturn|p2a: Corviknight|move: Roost
|
|-weather|Snow|[upkeep]
|upkeep
|turn|7
|
|t:|1740456923
|move|p1a: Pecharunt|Parting Shot|p2a: Corviknight
|-unboost|p2a: Corviknight|atk|1
|-unboost|p2a: Corviknight|spa|1
|
|t:|1740456935
|switch|p1a: Zygarde|Zygarde, shiny|100\/100|[from] Parting Shot
|-ability|p1a: Zygarde|Aura Break
|move|p2a: Corviknight|Defog|p1a: Zygarde
|-unboost|p1a: Zygarde|evasion|1
|-sideend|p2: kaui|Stealth Rock|[from] move: Defog|[of] p2a: Corviknight
|
|-weather|Snow|[upkeep]
|upkeep
|turn|8
|
|t:|1740456997
|move|p1a: Zygarde|Dragon Dance|p1a: Zygarde
|-boost|p1a: Zygarde|atk|1
|-boost|p1a: Zygarde|spe|1
|move|p2a: Corviknight|U-turn|p1a: Zygarde
|-damage|p1a: Zygarde|92\/100
|
|t:|1740457012
|switch|p2a: Enamorus|Enamorus, F|100\/100|[from] U-turn
|
|-weather|none
|-heal|p1a: Zygarde|98\/100|[from] item: Leftovers
|upkeep
|turn|9
|
|t:|1740457026
|switch|p1a: Pecharunt|Pecharunt|100\/100
|move|p2a: Enamorus|Moonblast|p1a: Pecharunt
|-resisted|p1a: Pecharunt
|-damage|p1a: Pecharunt|73\/100
|
|upkeep
|turn|10
|
|t:|1740457041
|switch|p2a: Corviknight|Corviknight, F|83\/100
|-ability|p2a: Corviknight|Pressure
|move|p1a: Pecharunt|Malignant Chain|p2a: Corviknight
|-immune|p2a: Corviknight
|
|upkeep
|turn|11
|
|t:|1740457052
|move|p1a: Pecharunt|Parting Shot|p2a: Corviknight
|-unboost|p2a: Corviknight|atk|1
|-unboost|p2a: Corviknight|spa|1
|
|t:|1740457056
|switch|p1a: Regirock|Regirock, tera:Flying|100\/100 par|[from] Parting Shot
|move|p2a: Corviknight|U-turn|p1a: Regirock
|-resisted|p1a: Regirock
|-damage|p1a: Regirock|99\/100 par
|
|t:|1740457098
|switch|p2a: Slowking|Slowking-Galar, M|100\/100|[from] U-turn
|
|-heal|p1a: Regirock|100\/100 par|[from] item: Leftovers
|upkeep
|turn|12
|
|t:|1740457110
|move|p2a: Slowking|Sludge Bomb|p1a: Regirock
|-damage|p1a: Regirock|67\/100 par
|move|p1a: Regirock|Stealth Rock|p2a: Slowking
|-sidestart|p2: kaui|move: Stealth Rock
|
|-heal|p1a: Regirock|73\/100 par|[from] item: Leftovers
|upkeep
|turn|13
|
|t:|1740457150
|switch|p1a: Pecharunt|Pecharunt|73\/100
|move|p2a: Slowking|Chilly Reception|p2a: Slowking
|-weather|Snow
|
|t:|1740457156
|switch|p2a: Corviknight|Corviknight, F|83\/100|[from] Chilly Reception
|-damage|p2a: Corviknight|70\/100|[from] Stealth Rock
|-ability|p2a: Corviknight|Pressure
|
|-weather|Snow|[upkeep]
|upkeep
|turn|14
|
|t:|1740457167
|move|p1a: Pecharunt|Parting Shot|p2a: Corviknight
|-unboost|p2a: Corviknight|atk|1
|-unboost|p2a: Corviknight|spa|1
|
|t:|1740457171
|switch|p1a: Regirock|Regirock, tera:Flying|73\/100 par|[from] Parting Shot
|move|p2a: Corviknight|Defog|p1a: Regirock
|-fail|p1a: Regirock|unboost|[from] ability: Clear Body|[of] p1a: Regirock
|-sideend|p2: kaui|Stealth Rock|[from] move: Defog|[of] p2a: Corviknight
|
|-weather|Snow|[upkeep]
|-heal|p1a: Regirock|79\/100 par|[from] item: Leftovers
|upkeep
|turn|15
|
|t:|1740457189
|move|p2a: Corviknight|U-turn|p1a: Regirock
|-resisted|p1a: Regirock
|-damage|p1a: Regirock|77\/100 par
|
|t:|1740457204
|switch|p2a: Slowking|Slowking-Galar, M|100\/100|[from] U-turn
|move|p1a: Regirock|Stealth Rock|p2a: Slowking
|-sidestart|p2: kaui|move: Stealth Rock
|
|-weather|Snow|[upkeep]
|-heal|p1a: Regirock|83\/100 par|[from] item: Leftovers
|upkeep
|turn|16
|c|☆Blader1176|starting timer next turn
|c|☆kaui|un un un
|c|☆kaui|ok!
|
|t:|1740457248
|switch|p1a: Kartana|Kartana|100\/100
|move|p2a: Slowking|Sludge Bomb|p1a: Kartana
|-immune|p1a: Kartana
|
|-weather|Snow|[upkeep]
|upkeep
|turn|17
|inactive|Battle timer is ON: inactive players will automatically lose when time's up. (requested by Blader1176)
|
|t:|1740457282
|switch|p2a: Corviknight|Corviknight, F|70\/100
|-damage|p2a: Corviknight|58\/100|[from] Stealth Rock
|-ability|p2a: Corviknight|Pressure
|move|p1a: Kartana|Knock Off|p2a: Corviknight
|-damage|p2a: Corviknight|30\/100
|
|-weather|none
|upkeep
|turn|18
|c| ChillerFrost|need to servertime again before you run it btw
|
|t:|1740457297
|switch|p1a: Regirock|Regirock, tera:Flying|83\/100 par
|move|p2a: Corviknight|Roost|p2a: Corviknight
|-heal|p2a: Corviknight|80\/100
|-singleturn|p2a: Corviknight|move: Roost
|
|-heal|p1a: Regirock|90\/100 par|[from] item: Leftovers
|upkeep
|turn|19
|
|t:|1740457318
|move|p2a: Corviknight|Defog|p1a: Regirock
|-fail|p1a: Regirock|unboost|[from] ability: Clear Body|[of] p1a: Regirock
|-sideend|p2: kaui|Stealth Rock|[from] move: Defog|[of] p2a: Corviknight
|move|p1a: Regirock|Body Press|p2a: Corviknight
|-damage|p2a: Corviknight|54\/100
|
|-heal|p1a: Regirock|96\/100 par|[from] item: Leftovers
|upkeep
|turn|20
|
|t:|1740457327
|move|p2a: Corviknight|Roost|p2a: Corviknight
|-heal|p2a: Corviknight|100\/100
|-singleturn|p2a: Corviknight|move: Roost
|move|p1a: Regirock|Stealth Rock|p2a: Corviknight
|-sidestart|p2: kaui|move: Stealth Rock
|
|-heal|p1a: Regirock|100\/100 par|[from] item: Leftovers
|upkeep
|turn|21
|
|t:|1740457336
|move|p2a: Corviknight|Defog|p1a: Regirock
|-fail|p1a: Regirock|unboost|[from] ability: Clear Body|[of] p1a: Regirock
|-sideend|p2: kaui|Stealth Rock|[from] move: Defog|[of] p2a: Corviknight
|move|p1a: Regirock|Body Press|p2a: Corviknight
|-damage|p2a: Corviknight|75\/100
|
|upkeep
|turn|22
|
|t:|1740457344
|move|p2a: Corviknight|U-turn|p1a: Regirock
|-resisted|p1a: Regirock
|-damage|p1a: Regirock|97\/100 par
|
|t:|1740457353
|switch|p2a: Dragapult|Dragapult, F|100\/100|[from] U-turn
|move|p1a: Regirock|Stealth Rock|p2a: Dragapult
|-sidestart|p2: kaui|move: Stealth Rock
|
|-heal|p1a: Regirock|100\/100 par|[from] item: Leftovers
|upkeep
|turn|23
|j| Crown Oji
|inactive|Blader1176 has 270 seconds left.
|
|t:|1740457398
|move|p2a: Dragapult|Thunderbolt|p1a: Regirock
|-supereffective|p1a: Regirock
|-damage|p1a: Regirock|32\/100 par
|move|p1a: Regirock|Rock Blast|p2a: Dragapult
|-damage|p2a: Dragapult|90\/100
|-damage|p2a: Dragapult|79\/100
|-damage|p2a: Dragapult|68\/100
|-damage|p2a: Dragapult|57\/100
|-damage|p2a: Dragapult|45\/100
|-hitcount|p2a: Dragapult|5
|
|-heal|p1a: Regirock|38\/100 par|[from] item: Leftovers
|upkeep
|turn|24
|inactive|kaui has 270 seconds left.
|
|t:|1740457433
|switch|p2a: Corviknight|Corviknight, F|75\/100
|-damage|p2a: Corviknight|62\/100|[from] Stealth Rock
|-ability|p2a: Corviknight|Pressure
|switch|p1a: Pecharunt|Pecharunt|73\/100
|
|upkeep
|turn|25
|inactive|Blader1176 has 240 seconds left.
|
|t:|1740457451
|move|p1a: Pecharunt|Parting Shot|p2a: Corviknight
|-unboost|p2a: Corviknight|atk|1
|-unboost|p2a: Corviknight|spa|1
|inactive|Blader1176 has 240 seconds left.
|inactive|Blader1176 has 210 seconds left.
|
|t:|1740457492
|switch|p1a: Zygarde|Zygarde, shiny|98\/100|[from] Parting Shot
|-ability|p1a: Zygarde|Aura Break
|move|p2a: Corviknight|Defog|p1a: Zygarde
|-unboost|p1a: Zygarde|evasion|1
|-sideend|p2: kaui|Stealth Rock|[from] move: Defog|[of] p2a: Corviknight
|
|-heal|p1a: Zygarde|100\/100|[from] item: Leftovers
|upkeep
|turn|26
|inactive|Blader1176 has 210 seconds left.
|
|t:|1740457509
|move|p1a: Zygarde|Thousand Arrows|p2a: Corviknight
|-damage|p2a: Corviknight|35\/100
|-start|p2a: Corviknight|Smack Down
|move|p2a: Corviknight|U-turn|p1a: Zygarde
|-damage|p1a: Zygarde|92\/100
|inactive|kaui has 270 seconds left.
|
|t:|1740457548
|switch|p2a: Dragapult|Dragapult, F|45\/100|[from] U-turn
|
|-heal|p1a: Zygarde|99\/100|[from] item: Leftovers
|upkeep
|turn|27
|inactive|Blader1176 has 210 seconds left.
|
|t:|1740457579
|switch|p1a: Pecharunt|Pecharunt|73\/100
|move|p2a: Dragapult|Draco Meteor|p1a: Pecharunt|[miss]
|-miss|p2a: Dragapult|p1a: Pecharunt
|
|upkeep
|turn|28
|inactive|Blader1176 has 180 seconds left.
|
|t:|1740457596
|move|p2a: Dragapult|Draco Meteor|p1a: Pecharunt
|-damage|p1a: Pecharunt|0 fnt
|-unboost|p2a: Dragapult|spa|2
|faint|p1a: Pecharunt
|
|upkeep
|inactive|Blader1176 has 180 seconds left.
|c| SDFJASODIFJ|i saw this video of this
|c| SDFJASODIFJ|veteran
|c| SDFJASODIFJ|who got a house because
|c| SDFJASODIFJ|he was paralyzed
|c| SDFJASODIFJ|and it was like a charity thing
|c| SDFJASODIFJ|and then they caught him walking around
|c| SDFJASODIFJ|thats this regirock
|c| SDFJASODIFJ|he fuckin aint paralyzed at all
|inactive|Blader1176 has 150 seconds left.
|
|t:|1740457640
|switch|p1a: Kartana|Kartana|100\/100
|turn|29
|inactive|Blader1176 has 150 seconds left.
|
|t:|1740457659
|switch|p2a: Ogerpon|Ogerpon-Wellspring, F|95\/100 tox
|move|p1a: Kartana|Knock Off|p2a: Ogerpon
|-damage|p2a: Ogerpon|35\/100 tox
|
|-damage|p2a: Ogerpon|29\/100 tox|[from] psn
|upkeep
|turn|30
|inactive|Blader1176 has 150 seconds left.
|
|t:|1740457671
|move|p2a: Ogerpon|Horn Leech|p1a: Kartana
|-resisted|p1a: Kartana
|-damage|p1a: Kartana|89\/100
|-heal|p2a: Ogerpon|34\/100 tox|[from] drain|[of] p1a: Kartana
|move|p1a: Kartana|Knock Off|p2a: Ogerpon
|-damage|p2a: Ogerpon|0 fnt
|faint|p2a: Ogerpon
|-ability|p1a: Kartana|Beast Boost|boost
|-boost|p1a: Kartana|atk|1
|
|upkeep
|
|t:|1740457682
|switch|p2a: Enamorus|Enamorus, F|100\/100
|turn|31
|
|t:|1740457696
|switch|p1a: Regirock|Regirock, tera:Flying|38\/100 par
|move|p2a: Enamorus|Mystical Fire|p1a: Regirock
|-damage|p1a: Regirock|15\/100 par
|
|-heal|p1a: Regirock|21\/100 par|[from] item: Leftovers
|upkeep
|turn|32
|
|t:|1740457707
|move|p2a: Enamorus|Mystical Fire|p1a: Regirock
|-damage|p1a: Regirock|0 fnt
|faint|p1a: Regirock
|
|upkeep
|c|☆Blader1176|soldier down
|c|☆kaui|diva down
|inactive|Blader1176 has 150 seconds left.
|c| Gym Leder Brawl|that poor regirocks never walking again
|c| SDFJASODIFJ|the goats gone
|c| SDFJASODIFJ|that guy fucking
|c| SDFJASODIFJ|legit hit fourty times
|c| SDFJASODIFJ|without para
|c| SDFJASODIFJ|cosmetic status
|inactive|Blader1176 has 120 seconds left.
|inactive|Blader1176 has 90 seconds left.
|inactive|Blader1176 has 60 seconds left.
|
|t:|1740457818
|switch|p1a: Iron Bundle|Iron Bundle|100\/100
|turn|33
|inactive|Blader1176 has 60 seconds left.
|
|t:|1740457832
|switch|p2a: Slowking|Slowking-Galar, M|100\/100
|move|p1a: Iron Bundle|Ice Beam|p2a: Slowking
|-damage|p2a: Slowking|73\/100
|
|-heal|p2a: Slowking|79\/100|[from] item: Leftovers
|upkeep
|turn|34
|inactive|Blader1176 has 60 seconds left.
|inactive|kaui has 270 seconds left.
|
|t:|1740457859
|-end|p1a: Iron Bundle|Quark Drive|[silent]
|switch|p1a: Zygarde|Zygarde, shiny|99\/100
|-ability|p1a: Zygarde|Aura Break
|move|p2a: Slowking|Flamethrower|p1a: Zygarde
|-resisted|p1a: Zygarde
|-damage|p1a: Zygarde|88\/100
|
|-heal|p1a: Zygarde|94\/100|[from] item: Leftovers
|-heal|p2a: Slowking|85\/100|[from] item: Leftovers
|upkeep
|turn|35
|inactive|Blader1176 has 60 seconds left.
|
|t:|1740457876
|move|p1a: Zygarde|Substitute|p1a: Zygarde
|-start|p1a: Zygarde|Substitute
|-damage|p1a: Zygarde|69\/100
|move|p2a: Slowking|Chilly Reception|p2a: Slowking
|-weather|Snow
|inactive|kaui has 240 seconds left.
|
|t:|1740457895
|switch|p2a: Dragapult|Dragapult, F|45\/100|[from] Chilly Reception
|
|-weather|Snow|[upkeep]
|-heal|p1a: Zygarde|75\/100|[from] item: Leftovers
|upkeep
|turn|36
|inactive|Blader1176 has 60 seconds left.
|
|t:|1740457911
|move|p2a: Dragapult|Draco Meteor|p1a: Zygarde
|-supereffective|p1a: Zygarde
|-damage|p1a: Zygarde|0 fnt
|-unboost|p2a: Dragapult|spa|2
|faint|p1a: Zygarde
|
|-weather|Snow|[upkeep]
|upkeep
|c|☆Blader1176|oh so
|c|☆Blader1176|oh
|c|☆Blader1176|damn
|c| SDFJASODIFJ|that ability has saved us 2-3 times lol...
|inactive|Blader1176 has 30 seconds left.
|c| Gym Leder Brawl|i literally was gonna go "doesnt this thing get infiltrator" lol
|inactive|Blader1176 has 20 seconds left.
|inactive|Blader1176 has 15 seconds left.
|
|t:|1740457952
|switch|p1a: Iron Bundle|Iron Bundle|100\/100
|turn|37
|inactive|Blader1176 has 25 seconds left this turn.
|
|t:|1740457957
|switch|p2a: Slowking|Slowking-Galar, M|100\/100
|move|p1a: Iron Bundle|Ice Beam|p2a: Slowking
|-damage|p2a: Slowking|74\/100
|
|-weather|Snow|[upkeep]
|-heal|p2a: Slowking|80\/100|[from] item: Leftovers
|upkeep
|turn|38
|inactive|Blader1176 has 30 seconds left.
|
|t:|1740457964
|move|p1a: Iron Bundle|Ice Beam|p2a: Slowking
|-damage|p2a: Slowking|56\/100
|move|p2a: Slowking|Flamethrower|p1a: Iron Bundle
|-damage|p1a: Iron Bundle|52\/100
|
|-weather|Snow|[upkeep]
|-heal|p2a: Slowking|62\/100|[from] item: Leftovers
|upkeep
|turn|39
|inactive|kaui has 270 seconds left.
|inactive|Blader1176 has 30 seconds left.
|
|t:|1740457977
|move|p1a: Iron Bundle|Ice Beam|p2a: Slowking
|-damage|p2a: Slowking|34\/100
|move|p2a: Slowking|Flamethrower|p1a: Iron Bundle
|-damage|p1a: Iron Bundle|8\/100
|
|-weather|none
|-heal|p2a: Slowking|40\/100|[from] item: Leftovers
|upkeep
|turn|40
|inactive|kaui has 270 seconds left.
|inactive|Blader1176 has 30 seconds left.
|
|t:|1740457989
|move|p1a: Iron Bundle|Ice Beam|p2a: Slowking
|-damage|p2a: Slowking|12\/100
|move|p2a: Slowking|Flamethrower|p1a: Iron Bundle
|-damage|p1a: Iron Bundle|0 fnt
|faint|p1a: Iron Bundle
|-end|p1a: Iron Bundle|Quark Drive|[silent]
|
|-heal|p2a: Slowking|18\/100|[from] item: Leftovers
|upkeep
|inactive|Blader1176 has 30 seconds left.
|
|t:|1740457996
|switch|p1a: Kartana|Kartana|89\/100
|turn|41
|inactive|Blader1176 has 30 seconds left.
|inactive|Blader1176 has 20 seconds left.
|
|t:|1740458019
|switch|p2a: Corviknight|Corviknight, F|35\/100
|-ability|p2a: Corviknight|Pressure
|move|p1a: Kartana|Smart Strike|p2a: Corviknight
|-resisted|p2a: Corviknight
|-damage|p2a: Corviknight|16\/100
|
|upkeep
|turn|42
|inactive|Blader1176 has 30 seconds left this turn.
|
|t:|1740458029
|move|p1a: Kartana|Smart Strike|p2a: Corviknight
|-resisted|p2a: Corviknight
|-damage|p2a: Corviknight|0 fnt
|faint|p2a: Corviknight
|-ability|p1a: Kartana|Beast Boost|boost
|-boost|p1a: Kartana|atk|1
|
|upkeep
|inactive|Blader1176 has 30 seconds left this turn.
|
|t:|1740458032
|switch|p2a: Enamorus|Enamorus, F|100\/100
|turn|43
|
|t:|1740458038
|move|p2a: Enamorus|Mystical Fire|p1a: Kartana
|-supereffective|p1a: Kartana
|-crit|p1a: Kartana
|-damage|p1a: Kartana|0 fnt
|faint|p1a: Kartana
|
|win|kaui
|c|☆Blader1176|gg wp
|c| SDFJASODIFJ|ggs
|c|☆kaui|gg

</script>
</div>
<div class="battle-log battle-log-inline"><div class="inner"><div class="battle-options"></div><div class="inner message-log"><div class="chat"><small>☆Blader1176 and ☆kaui joined</small></div><div class=""><small>Format:</small> <br><strong>[Gen 9] NatDex Draft</strong></div><div class=""><small><em>Sleep Clause Mod:</em> Limit one foe put to sleep</small></div><div class=""><small><em>OHKO Clause:</em> OHKO moves are banned</small></div><div class=""><small><em>Evasion Clause:</em> Evasion abilities, items, and moves are banned</small></div><div class=""><small><em>Evasion Abilities Clause:</em> Evasion abilities are banned</small></div><div class=""><small><em>Evasion Items Clause:</em> Evasion items are banned</small></div><div class=""><small><em>Evasion Moves Clause:</em> Evasion moves are banned</small></div><div class=""><small><em>Endless Battle Clause:</em> Forcing endless battles is banned</small></div><div class=""><small><em>HP Percentage Mod:</em> HP is shown in percentages</small></div><div class="chat battle-history"><strong>Blader1176's team:</strong> <em style="color:#445566;display:block;">Zygarde / Regirock / Pecharunt / Kartana / Iron Bundle / Obstagoon</em></div><div class="chat battle-history"><strong>kaui's team:</strong> <em style="color:#445566;display:block;">Enamorus / Ogerpon-Wellspring / Dragapult / Slowking-Galar / Corviknight / Porygon-Z</em></div><div class="chat"><small> ChillerFrost joined</small></div><div class="chat chatmessage-kaui"><strong style="color:#73950c"><small>☆</small><span class="username" data-name="kaui">kaui</span>:</strong> <em>hii</em></div><div class="chat chatmessage-blader1176"><strong style="color:#797ad1"><small>☆</small><span class="username" data-name="Blader1176">Blader1176</span>:</strong> <em>heya</em></div><div class="chat"><small> conundromic,  foodss, and  Bunnnies joined</small></div><div class="chat chatmessage-blader1176"><strong style="color:#797ad1"><small>☆</small><span class="username" data-name="Blader1176">Blader1176</span>:</strong> <em>gl hf :)</em></div><div class="chat chatmessage-conundromic"><strong style="color:#2d8875"><small> </small><span class="username" data-name="conundromic">conundromic</span>:</strong> <em>too many battles all at once &gt;:(</em></div><div class="chat"><small> mukmuk1,  Phantom0rion, and  SDFJASODIFJ joined</small></div><div class="chat chatmessage-sdfjasodifj"><strong style="color:#2eac97"><small> </small><span class="username" data-name="SDFJASODIFJ">SDFJASODIFJ</span>:</strong> <em>am i in</em></div><div class="chat chatmessage-sdfjasodifj"><strong style="color:#2eac97"><small> </small><span class="username" data-name="SDFJASODIFJ">SDFJASODIFJ</span>:</strong> <em>perfect</em></div><div class="chat"><small> Gym Leder Brawl joined</small></div><div class="chat chatmessage-blader1176"><strong style="color:#797ad1"><small>☆</small><span class="username" data-name="Blader1176">Blader1176</span>:</strong> <em>üⁿ üⁿ üⁿ</em></div><div class="spacer battle-history"><br></div><div class="battle-history">Battle started between Blader1176 and kaui!<br></div><div class="spacer battle-history"><br></div><div class="battle-history">Go! <strong>Regirock</strong>!<br></div><div class="spacer battle-history"><br></div><div class="battle-history">kaui sent out Ogerpon (<strong>Ogerpon-Wellspring</strong>)!<br></div><div class="spacer battle-history"><br></div><h2 class="battle-history">Turn 1</h2><div class="chat"><small> serendipidu joined</small></div><div class="spacer battle-history"><br></div><div class="battle-history"><small>Regirock has Terastallized into the Flying-type!</small><br></div><div class="spacer battle-history"><br></div><div class="battle-history">The opposing Ogerpon used <strong>Horn Leech</strong>!<br></div><div class="battle-history"><small>It's not very effective...</small><br></div><div class="battle-history"><small>(Regirock lost 8% of its health!)</small><br></div><div class="spacer battle-history"><br></div><div class="battle-history">Regirock used <strong>Toxic</strong>!<br></div><div class="battle-history"><small>The opposing Ogerpon was badly poisoned!</small><br></div><div class="spacer battle-history"><br></div><div class="battle-history"><small>Regirock restored a little HP using its Leftovers!</small><br></div><div class="battle-history"><small>The opposing Ogerpon was hurt by poison!</small><br></div><div class="spacer battle-history"><br></div><h2 class="battle-history">Turn 2</h2><div class="chat chatmessage-blader1176"><strong style="color:#797ad1"><small>☆</small><span class="username" data-name="Blader1176">Blader1176</span>:</strong> <em>!servertime</em></div><div class="chat"><div class="infobox">Server time: <b>2/25/2025, 4:10:24 AM</b></div></div><div class="chat"><small> DoctaShock joined</small></div><div class="spacer battle-history"><br></div><div class="battle-history">kaui withdrew Ogerpon!<br></div><div class="battle-history">kaui sent out Slowking (<strong>Slowking-Galar</strong>)!<br></div><div class="spacer battle-history"><br></div><div class="battle-history">Regirock used <strong>Stealth Rock</strong>!<br></div><div class="battle-history"><small>Pointed stones float in the air around the opposing team!</small><br></div><div class="spacer battle-history"><br></div><div class="battle-history"><small>Regirock restored a little HP using its Leftovers!</small><br></div><div class="spacer battle-history"><br></div><h2 class="battle-history">Turn 3</h2><div class="chat"><small> daotxtoad joined</small></div><div class="spacer battle-history"><br></div><div class="battle-history">Regirock used <strong>Rock Blast</strong>!<br></div><div class="battle-history"><small>(The opposing Slowking lost 9% of its health!)</small><br></div><div class="battle-history"><small>(The opposing Slowking lost 9% of its health!)</small><br></div><div class="battle-history"><small>The Pokémon was hit 2 times!</small><br></div><div class="spacer battle-history"><br></div><div class="battle-history">The opposing Slowking used <strong>Thunder Wave</strong>!<br></div><div class="battle-history"><small>Regirock is paralyzed! It may be unable to move!</small><br></div><div class="spacer battle-history"><br></div><div class="battle-history"><small>The opposing Slowking restored a little HP using its Leftovers!</small><br></div><div class="spacer battle-history"><br></div><h2 class="battle-history">Turn 4</h2><div class="chat"><small> ksch joined</small></div><div class="spacer battle-history"><br></div><div class="battle-history">Regirock, come back!<br></div><div class="battle-history">Go! <strong>Obstagoon</strong>!<br></div><div class="spacer battle-history"><br></div><div class="battle-history">The opposing Slowking used <strong>Chilly Reception</strong>!<br></div><div class="battle-history"><small>It started to snow!</small><br></div><div class="spacer battle-history"><br></div><div class="battle-history">kaui withdrew Slowking!<br></div><div class="battle-history">kaui sent out <strong>Corviknight</strong>!<br></div><div class="battle-history"><small>Pointed stones dug into the opposing Corviknight!</small><br></div><div class="battle-history">[The opposing Corviknight's Pressure]<br><small>The opposing Corviknight is exerting its pressure!</small><br></div><div class="spacer battle-history"><br></div><div class="battle-history"><small>(The snow is falling down.)</small><br></div><div class="battle-history"><small>The opposing Corviknight restored a little HP using its Leftovers!</small><br></div><div class="battle-history"><small>Obstagoon was burned!</small><br></div><div class="spacer battle-history"><br></div><h2 class="battle-history">Turn 5</h2><div class="spacer battle-history"><br></div><div class="battle-history">Obstagoon used <strong>Knock Off</strong>!<br></div><div class="battle-history"><small>(The opposing Corviknight lost 41% of its health!)</small><br></div><div class="battle-history"><small>Obstagoon knocked off the opposing Corviknight's Leftovers!</small><br></div><div class="spacer battle-history"><br></div><div class="battle-history">The opposing Corviknight used <strong>Body Press</strong>!<br></div><div class="battle-history"><small>It's super effective!</small><br></div><div class="battle-history"><small>(Obstagoon lost 100% of its health!)</small><br></div><div class="spacer battle-history"><br></div><div class="battle-history">Obstagoon fainted!<br></div><div class="spacer battle-history"><br></div><div class="battle-history"><small>(The snow is falling down.)</small><br></div><div class="spacer battle-history"><br></div><div class="battle-history">Go! <strong>Pecharunt</strong>!<br></div><div class="spacer battle-history"><br></div><h2 class="battle-history">Turn 6</h2><div class="spacer battle-history"><br></div><div class="battle-history">Pecharunt used <strong>Hex</strong>!<br></div><div class="battle-history"><small>(The opposing Corviknight lost 20% of its health!)</small><br></div><div class="spacer battle-history"><br></div><div class="battle-history">The opposing Corviknight used <strong>Roost</strong>!<br></div><div class="battle-history"><small>The opposing Corviknight had its HP restored.</small><br></div><div class="battle-history"><small>(The opposing Corviknight loses Flying type this turn.)</small><br></div><div class="spacer battle-history"><br></div><div class="battle-history"><small>(The snow is falling down.)</small><br></div><div class="spacer battle-history"><br></div><h2 class="battle-history">Turn 7</h2><div class="spacer battle-history"><br></div><div class="battle-history">Pecharunt used <strong>Parting Shot</strong>!<br></div><div class="battle-history"><small>The opposing Corviknight's Attack fell!</small><br></div><div class="battle-history"><small>The opposing Corviknight's Sp. Atk fell!</small><br></div><div class="spacer battle-history"><br></div><div class="battle-history">Pecharunt went back to Blader1176!<br></div><div class="battle-history">Go! <strong>Zygarde</strong>!<br></div><div class="battle-history">[Zygarde's Aura Break]<br><small>Zygarde reversed all other Pokémon's auras!</small><br></div><div class="spacer battle-history"><br></div><div class="battle-history">The opposing Corviknight used <strong>Defog</strong>!<br></div><div class="battle-history"><small>Zygarde's evasiveness fell!</small><br></div><div class="battle-history"><small>The pointed stones disappeared from around the opposing team!</small><br></div><div class="spacer battle-history"><br></div><div class="battle-history"><small>(The snow is falling down.)</small><br></div><div class="spacer battle-history"><br></div><h2 class="battle-history">Turn 8</h2><div class="spacer battle-history"><br></div><div class="battle-history">Zygarde used <strong>Dragon Dance</strong>!<br></div><div class="battle-history"><small>Zygarde's Attack rose!</small><br></div><div class="battle-history"><small>Zygarde's Speed rose!</small><br></div><div class="spacer battle-history"><br></div><div class="battle-history">The opposing Corviknight used <strong>U-turn</strong>!<br></div><div class="battle-history"><small>(Zygarde lost 8% of its health!)</small><br></div><div class="spacer battle-history"><br></div><div class="battle-history">The opposing Corviknight went back to kaui!<br></div><div class="battle-history">kaui sent out <strong>Enamorus</strong>!<br></div><div class="spacer battle-history"><br></div><div class="battle-history"><small>The snow stopped.</small><br></div><div class="battle-history"><small>Zygarde restored a little HP using its Leftovers!</small><br></div><div class="spacer battle-history"><br></div><h2 class="battle-history">Turn 9</h2><div class="spacer battle-history"><br></div><div class="battle-history">Zygarde, come back!<br></div><div class="battle-history">Go! <strong>Pecharunt</strong>!<br></div><div class="spacer battle-history"><br></div><div class="battle-history">The opposing Enamorus used <strong>Moonblast</strong>!<br></div><div class="battle-history"><small>It's not very effective...</small><br></div><div class="battle-history"><small>(Pecharunt lost 27% of its health!)</small><br></div><div class="spacer battle-history"><br></div><h2 class="battle-history">Turn 10</h2><div class="spacer battle-history"><br></div><div class="battle-history">kaui withdrew Enamorus!<br></div><div class="battle-history">kaui sent out <strong>Corviknight</strong>!<br></div><div class="battle-history">[The opposing Corviknight's Pressure]<br><small>The opposing Corviknight is exerting its pressure!</small><br></div><div class="spacer battle-history"><br></div><div class="battle-history">Pecharunt used <strong>Malignant Chain</strong>!<br></div><div class="battle-history"><small>It doesn't affect the opposing Corviknight...</small><br></div><div class="spacer battle-history"><br></div><h2 class="battle-history">Turn 11</h2><div class="spacer battle-history"><br></div><div class="battle-history">Pecharunt used <strong>Parting Shot</strong>!<br></div><div class="battle-history"><small>The opposing Corviknight's Attack fell!</small><br></div><div class="battle-history"><small>The opposing Corviknight's Sp. Atk fell!</small><br></div><div class="spacer battle-history"><br></div><div class="battle-history">Pecharunt went back to Blader1176!<br></div><div class="battle-history">Go! <strong>Regirock</strong>!<br></div><div class="spacer battle-history"><br></div><div class="battle-history">The opposing Corviknight used <strong>U-turn</strong>!<br></div><div class="battle-history"><small>It's not very effective...</small><br></div><div class="battle-history"><small>(Regirock lost 1% of its health!)</small><br></div><div class="spacer battle-history"><br></div><div class="battle-history">The opposing Corviknight went back to kaui!<br></div><div class="battle-history">kaui sent out Slowking (<strong>Slowking-Galar</strong>)!<br></div><div class="spacer battle-history"><br></div><div class="battle-history"><small>Regirock restored a little HP using its Leftovers!</small><br></div><div class="spacer battle-history"><br></div><h2 class="battle-history">Turn 12</h2><div class="spacer battle-history"><br></div><div class="battle-history">The opposing Slowking used <strong>Sludge Bomb</strong>!<br></div><div class="battle-history"><small>(Regirock lost 33% of its health!)</small><br></div><div class="spacer battle-history"><br></div><div class="battle-history">Regirock used <strong>Stealth Rock</strong>!<br></div><div class="battle-history"><small>Pointed stones float in the air around the opposing team!</small><br></div><div class="spacer battle-history"><br></div><div class="battle-history"><small>Regirock restored a little HP using its Leftovers!</small><br></div><div class="spacer battle-history"><br></div><h2 class="battle-history">Turn 13</h2><div class="spacer battle-history"><br></div><div class="battle-history">Regirock, come back!<br></div><div class="battle-history">Go! <strong>Pecharunt</strong>!<br></div><div class="spacer battle-history"><br></div><div class="battle-history">The opposing Slowking used <strong>Chilly Reception</strong>!<br></div><div class="battle-history"><small>It started to snow!</small><br></div><div class="spacer battle-history"><br></div><div class="battle-history">kaui withdrew Slowking!<br></div><div class="battle-history">kaui sent out <strong>Corviknight</strong>!<br></div><div class="battle-history"><small>Pointed stones dug into the opposing Corviknight!</small><br></div><div class="battle-history">[The opposing Corviknight's Pressure]<br><small>The opposing Corviknight is exerting its pressure!</small><br></div><div class="spacer battle-history"><br></div><div class="battle-history"><small>(The snow is falling down.)</small><br></div><div class="spacer battle-history"><br></div><h2 class="battle-history">Turn 14</h2><div class="spacer battle-history"><br></div><div class="battle-history">Pecharunt used <strong>Parting Shot</strong>!<br></div><div class="battle-history"><small>The opposing Corviknight's Attack fell!</small><br></div><div class="battle-history"><small>The opposing Corviknight's Sp. Atk fell!</small><br></div><div class="spacer battle-history"><br></div><div class="battle-history">Pecharunt went back to Blader1176!<br></div><div class="battle-history">Go! <strong>Regirock</strong>!<br></div><div class="spacer battle-history"><br></div><div class="battle-history">The opposing Corviknight used <strong>Defog</strong>!<br></div><div class="battle-history">[Regirock's Clear Body]<br><small>Regirock's stats were not lowered!</small><br></div><div class="battle-history"><small>The pointed stones disappeared from around the opposing team!</small><br></div><div class="spacer battle-history"><br></div><div class="battle-history"><small>(The snow is falling down.)</small><br></div><div class="battle-history"><small>Regirock restored a little HP using its Leftovers!</small><br></div><div class="spacer battle-history"><br></div><h2 class="battle-history">Turn 15</h2><div class="spacer battle-history"><br></div><div class="battle-history">The opposing Corviknight used <strong>U-turn</strong>!<br></div><div class="battle-history"><small>It's not very effective...</small><br></div><div class="battle-history"><small>(Regirock lost 2% of its health!)</small><br></div><div class="spacer battle-history"><br></div><div class="battle-history">The opposing Corviknight went back to kaui!<br></div><div class="battle-history">kaui sent out Slowking (<strong>Slowking-Galar</strong>)!<br></div><div class="spacer battle-history"><br></div><div class="battle-history">Regirock used <strong>Stealth Rock</strong>!<br></div><div class="battle-history"><small>Pointed stones float in the air around the opposing team!</small><br></div><div class="spacer battle-history"><br></div><div class="battle-history"><small>(The snow is falling down.)</small><br></div><div class="battle-history"><small>Regirock restored a little HP using its Leftovers!</small><br></div><div class="spacer battle-history"><br></div><h2 class="battle-history">Turn 16</h2><div class="chat chatmessage-blader1176"><strong style="color:#797ad1"><small>☆</small><span class="username" data-name="Blader1176">Blader1176</span>:</strong> <em>starting timer next turn</em></div><div class="chat chatmessage-kaui"><strong style="color:#73950c"><small>☆</small><span class="username" data-name="kaui">kaui</span>:</strong> <em>un un un</em></div><div class="chat chatmessage-kaui"><strong style="color:#73950c"><small>☆</small><span class="username" data-name="kaui">kaui</span>:</strong> <em>ok!</em></div><div class="spacer battle-history"><br></div><div class="battle-history">Regirock, come back!<br></div><div class="battle-history">Go! <strong>Kartana</strong>!<br></div><div class="spacer battle-history"><br></div><div class="battle-history">The opposing Slowking used <strong>Sludge Bomb</strong>!<br></div><div class="battle-history"><small>It doesn't affect Kartana...</small><br></div><div class="spacer battle-history"><br></div><div class="battle-history"><small>(The snow is falling down.)</small><br></div><div class="spacer battle-history"><br></div><h2 class="battle-history">Turn 17</h2><div class="chat message-error">Battle timer is ON: inactive players will automatically lose when time's up. (requested by Blader1176)</div><div class="spacer battle-history"><br></div><div class="battle-history">kaui withdrew Slowking!<br></div><div class="battle-history">kaui sent out <strong>Corviknight</strong>!<br></div><div class="battle-history"><small>Pointed stones dug into the opposing Corviknight!</small><br></div><div class="battle-history">[The opposing Corviknight's Pressure]<br><small>The opposing Corviknight is exerting its pressure!</small><br></div><div class="spacer battle-history"><br></div><div class="battle-history">Kartana used <strong>Knock Off</strong>!<br></div><div class="battle-history"><small>(The opposing Corviknight lost 28% of its health!)</small><br></div><div class="spacer battle-history"><br></div><div class="battle-history"><small>The snow stopped.</small><br></div><div class="spacer battle-history"><br></div><h2 class="battle-history">Turn 18</h2><div class="chat chatmessage-chillerfrost"><strong style="color:#2aaa9b"><small> </small><span class="username" data-name="ChillerFrost">ChillerFrost</span>:</strong> <em>need to servertime again before you run it btw</em></div><div class="spacer battle-history"><br></div><div class="battle-history">Kartana, come back!<br></div><div class="battle-history">Go! <strong>Regirock</strong>!<br></div><div class="spacer battle-history"><br></div><div class="battle-history">The opposing Corviknight used <strong>Roost</strong>!<br></div><div class="battle-history"><small>The opposing Corviknight had its HP restored.</small><br></div><div class="battle-history"><small>(The opposing Corviknight loses Flying type this turn.)</small><br></div><div class="spacer battle-history"><br></div><div class="battle-history"><small>Regirock restored a little HP using its Leftovers!</small><br></div><div class="spacer battle-history"><br></div><h2 class="battle-history">Turn 19</h2><div class="spacer battle-history"><br></div><div class="battle-history">The opposing Corviknight used <strong>Defog</strong>!<br></div><div class="battle-history">[Regirock's Clear Body]<br><small>Regirock's stats were not lowered!</small><br></div><div class="battle-history"><small>The pointed stones disappeared from around the opposing team!</small><br></div><div class="spacer battle-history"><br></div><div class="battle-history">Regirock used <strong>Body Press</strong>!<br></div><div class="battle-history"><small>(The opposing Corviknight lost 26% of its health!)</small><br></div><div class="spacer battle-history"><br></div><div class="battle-history"><small>Regirock restored a little HP using its Leftovers!</small><br></div><div class="spacer battle-history"><br></div><h2 class="battle-history">Turn 20</h2><div class="spacer battle-history"><br></div><div class="battle-history">The opposing Corviknight used <strong>Roost</strong>!<br></div><div class="battle-history"><small>The opposing Corviknight had its HP restored.</small><br></div><div class="battle-history"><small>(The opposing Corviknight loses Flying type this turn.)</small><br></div><div class="spacer battle-history"><br></div><div class="battle-history">Regirock used <strong>Stealth Rock</strong>!<br></div><div class="battle-history"><small>Pointed stones float in the air around the opposing team!</small><br></div><div class="spacer battle-history"><br></div><div class="battle-history"><small>Regirock restored a little HP using its Leftovers!</small><br></div><div class="spacer battle-history"><br></div><h2 class="battle-history">Turn 21</h2><div class="spacer battle-history"><br></div><div class="battle-history">The opposing Corviknight used <strong>Defog</strong>!<br></div><div class="battle-history">[Regirock's Clear Body]<br><small>Regirock's stats were not lowered!</small><br></div><div class="battle-history"><small>The pointed stones disappeared from around the opposing team!</small><br></div><div class="spacer battle-history"><br></div><div class="battle-history">Regirock used <strong>Body Press</strong>!<br></div><div class="battle-history"><small>(The opposing Corviknight lost 25% of its health!)</small><br></div><div class="spacer battle-history"><br></div><h2 class="battle-history">Turn 22</h2><div class="spacer battle-history"><br></div><div class="battle-history">The opposing Corviknight used <strong>U-turn</strong>!<br></div><div class="battle-history"><small>It's not very effective...</small><br></div><div class="battle-history"><small>(Regirock lost 3% of its health!)</small><br></div><div class="spacer battle-history"><br></div><div class="battle-history">The opposing Corviknight went back to kaui!<br></div><div class="battle-history">kaui sent out <strong>Dragapult</strong>!<br></div><div class="spacer battle-history"><br></div><div class="battle-history">Regirock used <strong>Stealth Rock</strong>!<br></div><div class="battle-history"><small>Pointed stones float in the air around the opposing team!</small><br></div><div class="spacer battle-history"><br></div><div class="battle-history"><small>Regirock restored a little HP using its Leftovers!</small><br></div><div class="spacer battle-history"><br></div><h2 class="battle-history">Turn 23</h2><div class="chat"><small> Crown Oji joined</small></div><div class="chat message-error">Blader1176 has 270 seconds left.</div><div class="spacer battle-history"><br></div><div class="battle-history">The opposing Dragapult used <strong>Thunderbolt</strong>!<br></div><div class="battle-history"><small>It's super effective!</small><br></div><div class="battle-history"><small>(Regirock lost 68% of its health!)</small><br></div><div class="spacer battle-history"><br></div><div class="battle-history">Regirock used <strong>Rock Blast</strong>!<br></div><div class="battle-history"><small>(The opposing Dragapult lost 10% of its health!)</small><br></div><div class="battle-history"><small>(The opposing Dragapult lost 11% of its health!)</small><br></div><div class="battle-history"><small>(The opposing Dragapult lost 11% of its health!)</small><br></div><div class="battle-history"><small>(The opposing Dragapult lost 11% of its health!)</small><br></div><div class="battle-history"><small>(The opposing Dragapult lost 12% of its health!)</small><br></div><div class="battle-history"><small>The Pokémon was hit 5 times!</small><br></div><div class="spacer battle-history"><br></div><div class="battle-history"><small>Regirock restored a little HP using its Leftovers!</small><br></div><div class="spacer battle-history"><br></div><h2 class="battle-history">Turn 24</h2><div class="chat message-error">kaui has 270 seconds left.</div><div class="spacer battle-history"><br></div><div class="battle-history">kaui withdrew Dragapult!<br></div><div class="battle-history">kaui sent out <strong>Corviknight</strong>!<br></div><div class="battle-history"><small>Pointed stones dug into the opposing Corviknight!</small><br></div><div class="battle-history">[The opposing Corviknight's Pressure]<br><small>The opposing Corviknight is exerting its pressure!</small><br></div><div class="spacer battle-history"><br></div><div class="battle-history">Regirock, come back!<br></div><div class="battle-history">Go! <strong>Pecharunt</strong>!<br></div><div class="spacer battle-history"><br></div><h2 class="battle-history">Turn 25</h2><div class="chat message-error">Blader1176 has 240 seconds left.</div><div class="spacer battle-history"><br></div><div class="battle-history">Pecharunt used <strong>Parting Shot</strong>!<br></div><div class="battle-history"><small>The opposing Corviknight's Attack fell!</small><br></div><div class="battle-history"><small>The opposing Corviknight's Sp. Atk fell!</small><br></div><div class="chat message-error">Blader1176 has 240 seconds left.</div><div class="chat message-error">Blader1176 has 210 seconds left.</div><div class="spacer battle-history"><br></div><div class="battle-history">Pecharunt went back to Blader1176!<br></div><div class="battle-history">Go! <strong>Zygarde</strong>!<br></div><div class="battle-history">[Zygarde's Aura Break]<br><small>Zygarde reversed all other Pokémon's auras!</small><br></div><div class="spacer battle-history"><br></div><div class="battle-history">The opposing Corviknight used <strong>Defog</strong>!<br></div><div class="battle-history"><small>Zygarde's evasiveness fell!</small><br></div><div class="battle-history"><small>The pointed stones disappeared from around the opposing team!</small><br></div><div class="spacer battle-history"><br></div><div class="battle-history"><small>Zygarde restored a little HP using its Leftovers!</small><br></div><div class="spacer battle-history"><br></div><h2 class="battle-history">Turn 26</h2><div class="chat message-error">Blader1176 has 210 seconds left.</div><div class="spacer battle-history"><br></div><div class="battle-history">Zygarde used <strong>Thousand Arrows</strong>!<br></div><div class="battle-history"><small>(The opposing Corviknight lost 27% of its health!)</small><br></div><div class="battle-history"><small>The opposing Corviknight fell straight down!</small><br></div><div class="spacer battle-history"><br></div><div class="battle-history">The opposing Corviknight used <strong>U-turn</strong>!<br></div><div class="battle-history"><small>(Zygarde lost 8% of its health!)</small><br></div><div class="chat message-error">kaui has 270 seconds left.</div><div class="spacer battle-history"><br></div><div class="battle-history">The opposing Corviknight went back to kaui!<br></div><div class="battle-history">kaui sent out <strong>Dragapult</strong>!<br></div><div class="spacer battle-history"><br></div><div class="battle-history"><small>Zygarde restored a little HP using its Leftovers!</small><br></div><div class="spacer battle-history"><br></div><h2 class="battle-history">Turn 27</h2><div class="chat message-error">Blader1176 has 210 seconds left.</div><div class="spacer battle-history"><br></div><div class="battle-history">Zygarde, come back!<br></div><div class="battle-history">Go! <strong>Pecharunt</strong>!<br></div><div class="spacer battle-history"><br></div><div class="battle-history">The opposing Dragapult used <strong>Draco Meteor</strong>!<br></div><div class="battle-history"><small>Pecharunt avoided the attack!</small><br></div><div class="spacer battle-history"><br></div><h2 class="battle-history">Turn 28</h2><div class="chat message-error">Blader1176 has 180 seconds left.</div><div class="spacer battle-history"><br></div><div class="battle-history">The opposing Dragapult used <strong>Draco Meteor</strong>!<br></div><div class="battle-history"><small>(Pecharunt lost 73% of its health!)</small><br></div><div class="battle-history"><small>The opposing Dragapult's Sp. Atk fell harshly!</small><br></div><div class="spacer battle-history"><br></div><div class="battle-history">Pecharunt fainted!<br></div><div class="chat message-error">Blader1176 has 180 seconds left.</div><div class="chat chatmessage-sdfjasodifj"><strong style="color:#2eac97"><small> </small><span class="username" data-name="SDFJASODIFJ">SDFJASODIFJ</span>:</strong> <em>i saw this video of this</em></div><div class="chat chatmessage-sdfjasodifj"><strong style="color:#2eac97"><small> </small><span class="username" data-name="SDFJASODIFJ">SDFJASODIFJ</span>:</strong> <em>veteran</em></div><div class="chat chatmessage-sdfjasodifj"><strong style="color:#2eac97"><small> </small><span class="username" data-name="SDFJASODIFJ">SDFJASODIFJ</span>:</strong> <em>who got a house because</em></div><div class="chat chatmessage-sdfjasodifj"><strong style="color:#2eac97"><small> </small><span class="username" data-name="SDFJASODIFJ">SDFJASODIFJ</span>:</strong> <em>he was paralyzed</em></div><div class="chat chatmessage-sdfjasodifj"><strong style="color:#2eac97"><small> </small><span class="username" data-name="SDFJASODIFJ">SDFJASODIFJ</span>:</strong> <em>and it was like a charity thing</em></div><div class="chat chatmessage-sdfjasodifj"><strong style="color:#2eac97"><small> </small><span class="username" data-name="SDFJASODIFJ">SDFJASODIFJ</span>:</strong> <em>and then they caught him walking around</em></div><div class="chat chatmessage-sdfjasodifj"><strong style="color:#2eac97"><small> </small><span class="username" data-name="SDFJASODIFJ">SDFJASODIFJ</span>:</strong> <em>thats this regirock</em></div><div class="chat chatmessage-sdfjasodifj"><strong style="color:#2eac97"><small> </small><span class="username" data-name="SDFJASODIFJ">SDFJASODIFJ</span>:</strong> <em>he fuckin aint paralyzed at all</em></div><div class="chat message-error">Blader1176 has 150 seconds left.</div><div class="spacer battle-history"><br></div><div class="battle-history">Go! <strong>Kartana</strong>!<br></div><div class="spacer battle-history"><br></div><h2 class="battle-history">Turn 29</h2><div class="chat message-error">Blader1176 has 150 seconds left.</div><div class="spacer battle-history"><br></div><div class="battle-history">kaui withdrew Dragapult!<br></div><div class="battle-history">kaui sent out Ogerpon (<strong>Ogerpon-Wellspring</strong>)!<br></div><div class="spacer battle-history"><br></div><div class="battle-history">Kartana used <strong>Knock Off</strong>!<br></div><div class="battle-history"><small>(The opposing Ogerpon lost 60% of its health!)</small><br></div><div class="spacer battle-history"><br></div><div class="battle-history"><small>The opposing Ogerpon was hurt by poison!</small><br></div><div class="spacer battle-history"><br></div><h2 class="battle-history">Turn 30</h2><div class="chat message-error">Blader1176 has 150 seconds left.</div><div class="spacer battle-history"><br></div><div class="battle-history">The opposing Ogerpon used <strong>Horn Leech</strong>!<br></div><div class="battle-history"><small>It's not very effective...</small><br></div><div class="battle-history"><small>(Kartana lost 11% of its health!)</small><br></div><div class="battle-history"><small>Kartana had its energy drained!</small><br></div><div class="spacer battle-history"><br></div><div class="battle-history">Kartana used <strong>Knock Off</strong>!<br></div><div class="battle-history"><small>(The opposing Ogerpon lost 34% of its health!)</small><br></div><div class="spacer battle-history"><br></div><div class="battle-history">The opposing Ogerpon fainted!<br></div><div class="battle-history">[Kartana's Beast Boost]<br></div><div class="battle-history"><small>Kartana's Attack rose!</small><br></div><div class="spacer battle-history"><br></div><div class="battle-history">kaui sent out <strong>Enamorus</strong>!<br></div><div class="spacer battle-history"><br></div><h2 class="battle-history">Turn 31</h2><div class="spacer battle-history"><br></div><div class="battle-history">Kartana, come back!<br></div><div class="battle-history">Go! <strong>Regirock</strong>!<br></div><div class="spacer battle-history"><br></div><div class="battle-history">The opposing Enamorus used <strong>Mystical Fire</strong>!<br></div><div class="battle-history"><small>(Regirock lost 23% of its health!)</small><br></div><div class="spacer battle-history"><br></div><div class="battle-history"><small>Regirock restored a little HP using its Leftovers!</small><br></div><div class="spacer battle-history"><br></div><h2 class="battle-history">Turn 32</h2><div class="spacer battle-history"><br></div><div class="battle-history">The opposing Enamorus used <strong>Mystical Fire</strong>!<br></div><div class="battle-history"><small>(Regirock lost 21% of its health!)</small><br></div><div class="spacer battle-history"><br></div><div class="battle-history">Regirock fainted!<br></div><div class="chat chatmessage-blader1176"><strong style="color:#797ad1"><small>☆</small><span class="username" data-name="Blader1176">Blader1176</span>:</strong> <em>soldier down</em></div><div class="chat chatmessage-kaui"><strong style="color:#73950c"><small>☆</small><span class="username" data-name="kaui">kaui</span>:</strong> <em>diva down</em></div><div class="chat message-error">Blader1176 has 150 seconds left.</div><div class="chat chatmessage-gymlederbrawl"><strong style="color:#33a661"><small> </small><span class="username" data-name="Gym Leder Brawl">Gym Leder Brawl</span>:</strong> <em>that poor regirocks never walking again</em></div><div class="chat chatmessage-sdfjasodifj"><strong style="color:#2eac97"><small> </small><span class="username" data-name="SDFJASODIFJ">SDFJASODIFJ</span>:</strong> <em>the goats gone</em></div><div class="chat chatmessage-sdfjasodifj"><strong style="color:#2eac97"><small> </small><span class="username" data-name="SDFJASODIFJ">SDFJASODIFJ</span>:</strong> <em>that guy fucking</em></div><div class="chat chatmessage-sdfjasodifj"><strong style="color:#2eac97"><small> </small><span class="username" data-name="SDFJASODIFJ">SDFJASODIFJ</span>:</strong> <em>legit hit fourty times</em></div><div class="chat chatmessage-sdfjasodifj"><strong style="color:#2eac97"><small> </small><span class="username" data-name="SDFJASODIFJ">SDFJASODIFJ</span>:</strong> <em>without para</em></div><div class="chat chatmessage-sdfjasodifj"><strong style="color:#2eac97"><small> </small><span class="username" data-name="SDFJASODIFJ">SDFJASODIFJ</span>:</strong> <em>cosmetic status</em></div><div class="chat message-error">Blader1176 has 120 seconds left.</div><div class="chat message-error">Blader1176 has 90 seconds left.</div><div class="chat message-error">Blader1176 has 60 seconds left.</div><div class="spacer battle-history"><br></div><div class="battle-history">Go! <strong>Iron Bundle</strong>!<br></div><div class="spacer battle-history"><br></div><h2 class="battle-history">Turn 33</h2><div class="chat message-error">Blader1176 has 60 seconds left.</div><div class="spacer battle-history"><br></div><div class="battle-history">kaui withdrew Enamorus!<br></div><div class="battle-history">kaui sent out Slowking (<strong>Slowking-Galar</strong>)!<br></div><div class="spacer battle-history"><br></div><div class="battle-history">Iron Bundle used <strong>Ice Beam</strong>!<br></div><div class="battle-history"><small>(The opposing Slowking lost 27% of its health!)</small><br></div><div class="spacer battle-history"><br></div><div class="battle-history"><small>The opposing Slowking restored a little HP using its Leftovers!</small><br></div><div class="spacer battle-history"><br></div><h2 class="battle-history">Turn 34</h2><div class="chat message-error">Blader1176 has 60 seconds left.</div><div class="chat message-error">kaui has 270 seconds left.</div><div class="spacer battle-history"><br></div><div class="battle-history">Iron Bundle, come back!<br></div><div class="battle-history">Go! <strong>Zygarde</strong>!<br></div><div class="battle-history">[Zygarde's Aura Break]<br><small>Zygarde reversed all other Pokémon's auras!</small><br></div><div class="spacer battle-history"><br></div><div class="battle-history">The opposing Slowking used <strong>Flamethrower</strong>!<br></div><div class="battle-history"><small>It's not very effective...</small><br></div><div class="battle-history"><small>(Zygarde lost 11% of its health!)</small><br></div><div class="spacer battle-history"><br></div><div class="battle-history"><small>Zygarde restored a little HP using its Leftovers!</small><br></div><div class="battle-history"><small>The opposing Slowking restored a little HP using its Leftovers!</small><br></div><div class="spacer battle-history"><br></div><h2 class="battle-history">Turn 35</h2><div class="chat message-error">Blader1176 has 60 seconds left.</div><div class="spacer battle-history"><br></div><div class="battle-history">Zygarde used <strong>Substitute</strong>!<br></div><div class="battle-history"><small>Zygarde put in a substitute!</small><br></div><div class="battle-history"><small>(Zygarde lost 25% of its health!)</small><br></div><div class="spacer battle-history"><br></div><div class="battle-history">The opposing Slowking used <strong>Chilly Reception</strong>!<br></div><div class="battle-history"><small>It started to snow!</small><br></div><div class="chat message-error">kaui has 240 seconds left.</div><div class="spacer battle-history"><br></div><div class="battle-history">kaui withdrew Slowking!<br></div><div class="battle-history">kaui sent out <strong>Dragapult</strong>!<br></div><div class="spacer battle-history"><br></div><div class="battle-history"><small>(The snow is falling down.)</small><br></div><div class="battle-history"><small>Zygarde restored a little HP using its Leftovers!</small><br></div><div class="spacer battle-history"><br></div><h2 class="battle-history">Turn 36</h2><div class="chat message-error">Blader1176 has 60 seconds left.</div><div class="spacer battle-history"><br></div><div class="battle-history">The opposing Dragapult used <strong>Draco Meteor</strong>!<br></div><div class="battle-history"><small>It's super effective!</small><br></div><div class="battle-history"><small>(Zygarde lost 75% of its health!)</small><br></div><div class="battle-history"><small>The opposing Dragapult's Sp. Atk fell harshly!</small><br></div><div class="spacer battle-history"><br></div><div class="battle-history">Zygarde fainted!<br></div><div class="spacer battle-history"><br></div><div class="battle-history"><small>(The snow is falling down.)</small><br></div><div class="chat chatmessage-blader1176"><strong style="color:#797ad1"><small>☆</small><span class="username" data-name="Blader1176">Blader1176</span>:</strong> <em>oh so</em></div><div class="chat chatmessage-blader1176"><strong style="color:#797ad1"><small>☆</small><span class="username" data-name="Blader1176">Blader1176</span>:</strong> <em>oh</em></div><div class="chat chatmessage-blader1176"><strong style="color:#797ad1"><small>☆</small><span class="username" data-name="Blader1176">Blader1176</span>:</strong> <em>damn</em></div><div class="chat chatmessage-sdfjasodifj"><strong style="color:#2eac97"><small> </small><span class="username" data-name="SDFJASODIFJ">SDFJASODIFJ</span>:</strong> <em>that ability has saved us 2-3 times lol...</em></div><div class="chat message-error">Blader1176 has 30 seconds left.</div><div class="chat chatmessage-gymlederbrawl"><strong style="color:#33a661"><small> </small><span class="username" data-name="Gym Leder Brawl">Gym Leder Brawl</span>:</strong> <em>i literally was gonna go "doesnt this thing get infiltrator" lol</em></div><div class="chat message-error">Blader1176 has 20 seconds left.</div><div class="chat message-error">Blader1176 has 15 seconds left.</div><div class="spacer battle-history"><br></div><div class="battle-history">Go! <strong>Iron Bundle</strong>!<br></div><div class="spacer battle-history"><br></div><h2 class="battle-history">Turn 37</h2><div class="chat message-error">Blader1176 has 25 seconds left this turn.</div><div class="spacer battle-history"><br></div><div class="battle-history">kaui withdrew Dragapult!<br></div><div class="battle-history">kaui sent out Slowking (<strong>Slowking-Galar</strong>)!<br></div><div class="spacer battle-history"><br></div><div class="battle-history">Iron Bundle used <strong>Ice Beam</strong>!<br></div><div class="battle-history"><small>(The opposing Slowking lost 26% of its health!)</small><br></div><div class="spacer battle-history"><br></div><div class="battle-history"><small>(The snow is falling down.)</small><br></div><div class="battle-history"><small>The opposing Slowking restored a little HP using its Leftovers!</small><br></div><div class="spacer battle-history"><br></div><h2 class="battle-history">Turn 38</h2><div class="chat message-error">Blader1176 has 30 seconds left.</div><div class="spacer battle-history"><br></div><div class="battle-history">Iron Bundle used <strong>Ice Beam</strong>!<br></div><div class="battle-history"><small>(The opposing Slowking lost 24% of its health!)</small><br></div><div class="spacer battle-history"><br></div><div class="battle-history">The opposing Slowking used <strong>Flamethrower</strong>!<br></div><div class="battle-history"><small>(Iron Bundle lost 48% of its health!)</small><br></div><div class="spacer battle-history"><br></div><div class="battle-history"><small>(The snow is falling down.)</small><br></div><div class="battle-history"><small>The opposing Slowking restored a little HP using its Leftovers!</small><br></div><div class="spacer battle-history"><br></div><h2 class="battle-history">Turn 39</h2><div class="chat message-error">kaui has 270 seconds left.</div><div class="chat message-error">Blader1176 has 30 seconds left.</div><div class="spacer battle-history"><br></div><div class="battle-history">Iron Bundle used <strong>Ice Beam</strong>!<br></div><div class="battle-history"><small>(The opposing Slowking lost 28% of its health!)</small><br></div><div class="spacer battle-history"><br></div><div class="battle-history">The opposing Slowking used <strong>Flamethrower</strong>!<br></div><div class="battle-history"><small>(Iron Bundle lost 44% of its health!)</small><br></div><div class="spacer battle-history"><br></div><div class="battle-history"><small>The snow stopped.</small><br></div><div class="battle-history"><small>The opposing Slowking restored a little HP using its Leftovers!</small><br></div><div class="spacer battle-history"><br></div><h2 class="battle-history">Turn 40</h2><div class="chat message-error">kaui has 270 seconds left.</div><div class="chat message-error">Blader1176 has 30 seconds left.</div><div class="spacer battle-history"><br></div><div class="battle-history">Iron Bundle used <strong>Ice Beam</strong>!<br></div><div class="battle-history"><small>(The opposing Slowking lost 28% of its health!)</small><br></div><div class="spacer battle-history"><br></div><div class="battle-history">The opposing Slowking used <strong>Flamethrower</strong>!<br></div><div class="battle-history"><small>(Iron Bundle lost 8% of its health!)</small><br></div><div class="spacer battle-history"><br></div><div class="battle-history">Iron Bundle fainted!<br></div><div class="spacer battle-history"><br></div><div class="battle-history"><small>The opposing Slowking restored a little HP using its Leftovers!</small><br></div><div class="chat message-error">Blader1176 has 30 seconds left.</div><div class="spacer battle-history"><br></div><div class="battle-history">Go! <strong>Kartana</strong>!<br></div><div class="spacer battle-history"><br></div><h2 class="battle-history">Turn 41</h2><div class="chat message-error">Blader1176 has 30 seconds left.</div><div class="chat message-error">Blader1176 has 20 seconds left.</div><div class="spacer battle-history"><br></div><div class="battle-history">kaui withdrew Slowking!<br></div><div class="battle-history">kaui sent out <strong>Corviknight</strong>!<br></div><div class="battle-history">[The opposing Corviknight's Pressure]<br><small>The opposing Corviknight is exerting its pressure!</small><br></div><div class="spacer battle-history"><br></div><div class="battle-history">Kartana used <strong>Smart Strike</strong>!<br></div><div class="battle-history"><small>It's not very effective...</small><br></div><div class="battle-history"><small>(The opposing Corviknight lost 19% of its health!)</small><br></div><div class="spacer battle-history"><br></div><h2 class="battle-history">Turn 42</h2><div class="chat message-error">Blader1176 has 30 seconds left this turn.</div><div class="spacer battle-history"><br></div><div class="battle-history">Kartana used <strong>Smart Strike</strong>!<br></div><div class="battle-history"><small>It's not very effective...</small><br></div><div class="battle-history"><small>(The opposing Corviknight lost 16% of its health!)</small><br></div><div class="spacer battle-history"><br></div><div class="battle-history">The opposing Corviknight fainted!<br></div><div class="battle-history">[Kartana's Beast Boost]<br></div><div class="battle-history"><small>Kartana's Attack rose!</small><br></div><div class="chat message-error">Blader1176 has 30 seconds left this turn.</div><div class="spacer battle-history"><br></div><div class="battle-history">kaui sent out <strong>Enamorus</strong>!<br></div><div class="spacer battle-history"><br></div><h2 class="battle-history">Turn 43</h2><div class="spacer battle-history"><br></div><div class="battle-history">The opposing Enamorus used <strong>Mystical Fire</strong>!<br></div><div class="battle-history"><small>It's super effective!</small><br></div><div class="battle-history"><small>A critical hit!</small><br></div><div class="battle-history"><small>(Kartana lost 89% of its health!)</small><br></div><div class="spacer battle-history"><br></div><div class="battle-history">Kartana fainted!<br></div><div class="spacer battle-history"><br></div><div class="battle-history"><strong>kaui</strong> won the battle!<br></div><div class="chat chatmessage-blader1176"><strong style="color:#797ad1"><small>☆</small><span class="username" data-name="Blader1176">Blader1176</span>:</strong> <em>gg wp</em></div><div class="chat chatmessage-sdfjasodifj"><strong style="color:#2eac97"><small> </small><span class="username" data-name="SDFJASODIFJ">SDFJASODIFJ</span>:</strong> <em>ggs</em></div><div class="chat chatmessage-kaui"><strong style="color:#73950c"><small>☆</small><span class="username" data-name="kaui">kaui</span>:</strong> <em>gg</em></div></div><div class="inner-preempt message-log"></div></div></div>
</div>
<script>
let daily = Math.floor(Date.now()/1000/60/60/24);document.write('<script src="https://play.pokemonshowdown.com/js/replay-embed.js?version'+daily+'"></'+'script>');
</script>
