<!DOCTYPE html>
<meta charset="utf-8" />
<!-- version 1 -->
<title>[Gen 9] NatDex Draft replay: ChillerFrost vs. ReliantColey</title>
<style>
html,body {font-family:Verdana, sans-serif;font-size:10pt;margin:0;padding:0;}body{padding:12px 0;} .battle-log {font-family:Verdana, sans-serif;font-size:10pt;} .battle-log-inline {border:1px solid #AAAAAA;background:#EEF2F5;color:black;max-width:640px;margin:0 auto 80px;padding-bottom:5px;} .battle-log .inner {padding:4px 8px 0px 8px;} .battle-log .inner-preempt {padding:0 8px 4px 8px;} .battle-log .inner-after {margin-top:0.5em;} .battle-log h2 {margin:0.5em -8px;padding:4px 8px;border:1px solid #AAAAAA;background:#E0E7EA;border-left:0;border-right:0;font-family:Verdana, sans-serif;font-size:13pt;} .battle-log .chat {vertical-align:middle;padding:3px 0 3px 0;font-size:8pt;} .battle-log .chat strong {color:#40576A;} .battle-log .chat em {padding:1px 4px 1px 3px;color:#000000;font-style:normal;} .chat.mine {background:rgba(0,0,0,0.05);margin-left:-8px;margin-right:-8px;padding-left:8px;padding-right:8px;} .spoiler {color:#BBBBBB;background:#BBBBBB;padding:0px 3px;} .spoiler:hover, .spoiler:active, .spoiler-shown {color:#000000;background:#E2E2E2;padding:0px 3px;} .spoiler a {color:#BBBBBB;} .spoiler:hover a, .spoiler:active a, .spoiler-shown a {color:#2288CC;} .chat code, .chat .spoiler:hover code, .chat .spoiler:active code, .chat .spoiler-shown code {border:1px solid #C0C0C0;background:#EEEEEE;color:black;padding:0 2px;} .chat .spoiler code {border:1px solid #CCCCCC;background:#CCCCCC;color:#CCCCCC;} .battle-log .rated {padding:3px 4px;} .battle-log .rated strong {color:white;background:#89A;padding:1px 4px;border-radius:4px;} .spacer {margin-top:0.5em;} .message-announce {background:#6688AA;color:white;padding:1px 4px 2px;} .message-announce a, .broadcast-green a, .broadcast-blue a, .broadcast-red a {color:#DDEEFF;} .broadcast-green {background-color:#559955;color:white;padding:2px 4px;} .broadcast-blue {background-color:#6688AA;color:white;padding:2px 4px;} .infobox {border:1px solid #6688AA;padding:2px 4px;} .infobox-limited {max-height:200px;overflow:auto;overflow-x:hidden;} .broadcast-red {background-color:#AA5544;color:white;padding:2px 4px;} .message-learn-canlearn {font-weight:bold;color:#228822;text-decoration:underline;} .message-learn-cannotlearn {font-weight:bold;color:#CC2222;text-decoration:underline;} .message-effect-weak {font-weight:bold;color:#CC2222;} .message-effect-resist {font-weight:bold;color:#6688AA;} .message-effect-immune {font-weight:bold;color:#666666;} .message-learn-list {margin-top:0;margin-bottom:0;} .message-throttle-notice, .message-error {color:#992222;} .message-overflow, .chat small.message-overflow {font-size:0pt;} .message-overflow::before {font-size:9pt;content:'...';} .subtle {color:#3A4A66;}
</style>
<div class="wrapper replay-wrapper" style="max-width:1180px;margin:0 auto">
<input type="hidden" name="replayid" value="gen9natdexdraft-2308049061" />
<div class="battle"></div><div class="battle-log"></div><div class="replay-controls"></div><div class="replay-controls-2"></div>
<h1 style="font-weight:normal;text-align:center"><strong>[Gen 9] NatDex Draft</strong><br /><a href="http://pokemonshowdown.com/users/chillerfrost" class="subtle" target="_blank">ChillerFrost</a> vs. <a href="http://pokemonshowdown.com/users/reliantcoley" class="subtle" target="_blank">ReliantColey</a></h1>
<script type="text/plain" class="battle-log-data">
|j|☆ChillerFrost
|j|☆ReliantColey
|t:|1740543492
|gametype|singles
|player|p1|ChillerFrost|cynthia|
|player|p2|ReliantColey|grimsley|
|teamsize|p1|6
|teamsize|p2|6
|gen|9
|tier|[Gen 9] NatDex Draft
|rule|Sleep Clause Mod: Limit one foe put to sleep
|rule|OHKO Clause: OHKO moves are banned
|rule|Evasion Clause: Evasion abilities, items, and moves are banned
|rule|Evasion Abilities Clause: Evasion abilities are banned
|rule|Evasion Items Clause: Evasion items are banned
|rule|Evasion Moves Clause: Evasion moves are banned
|rule|Endless Battle Clause: Forcing endless battles is banned
|rule|HP Percentage Mod: HP is shown in percentages
|clearpoke
|poke|p1|Urshifu-*, F|
|poke|p1|Alomomola, M|
|poke|p1|Tornadus-Therian, M|
|poke|p1|Qwilfish-Hisui, M|
|poke|p1|Latios, M|
|poke|p1|Tangela, F|
|poke|p2|Zarude-Dada|
|poke|p2|Vikavolt, M|
|poke|p2|Mimikyu, F|
|poke|p2|Iron Hands|
|poke|p2|Weezing-Galar, M|
|poke|p2|Latias, F|
|teampreview
|c|☆ReliantColey|this what you expected?
|j| conundromic
|c|☆ChillerFrost|nah, thought it'd be the base zarude form
|c|☆ReliantColey|your team is def not what i was expecting
|j| 25Days
|j| Bunnnies
|j| Phantom0rion
|c|☆ReliantColey|i needed the scarf for the 5 more base speed
|c|☆ChillerFrost|there are definitely some surprises
|j| DoctaShock
|c|☆ChillerFrost|hm
|c|☆ChillerFrost|!dt zarude-dada
|raw|<div class="message"><ul class="utilichart"><li class="result"><span class="col numcol">UU<\/span> <span class="col iconcol"><psicon pokemon="zarudedada"\/><\/span> <span class="col pokemonnamecol" style="white-space:nowrap"><a href="https:\/\/dex.pokemonshowdown.com\/pokemon\/zarudedada" target="_blank">Zarude-Dada<\/a><\/span> <span class="col typecol"><img src="https:\/\/play.pokemonshowdown.com\/sprites\/types\/Dark.png" alt="Dark" height="14" width="32"><img src="https:\/\/play.pokemonshowdown.com\/sprites\/types\/Grass.png" alt="Grass" height="14" width="32"><\/span> <span style="float:left;min-height:26px"><span class="col abilitycol">Leaf Guard<\/span><span class="col abilitycol"><\/span><\/span><span style="float:left;min-height:26px"><span class="col statcol"><em>HP<\/em><br \/>105<\/span> <span class="col statcol"><em>Atk<\/em><br \/>120<\/span> <span class="col statcol"><em>Def<\/em><br \/>105<\/span> <span class="col statcol"><em>SpA<\/em><br \/>70<\/span> <span class="col statcol"><em>SpD<\/em><br \/>95<\/span> <span class="col statcol"><em>Spe<\/em><br \/>105<\/span> <span class="col bstcol"><em>BST<br \/>600<\/em><\/span> <\/span><\/li><li style="clear:both"><\/li><\/ul><\/div>
|raw|<font size="1"><font color="#686868">Dex#:<\/font> 893&nbsp;|&ThickSpace;<font color="#686868">Gen:<\/font> 8&nbsp;|&ThickSpace;<font color="#686868">Height:<\/font> 1.8 m&nbsp;|&ThickSpace;<font color="#686868">Weight:<\/font> 70 kg <em>(80 BP)<\/em>&nbsp;|&ThickSpace;<font color="#686868">Dex Colour:<\/font> Black&nbsp;|&ThickSpace;<font color="#686868">Egg Group(s):<\/font> Undiscovered&nbsp;|&ThickSpace;<font color="#686868">Does Not Evolve<\/font><\/font>

|c|☆ReliantColey|made you look
|c|☆ChillerFrost|yep i see it
|c|☆ChillerFrost|the secret +5 that winners can see
|
|t:|1740543649
|start
|switch|p1a: Qwilfish|Qwilfish-Hisui, M|100\/100
|switch|p2a: Zarude|Zarude-Dada|100\/100
|-ability|p1a: Qwilfish|Intimidate|boost
|-unboost|p2a: Zarude|atk|1
|turn|1
|j| ksch
|
|t:|1740543675
|switch|p2a: Weezing|Weezing-Galar, M|100\/100
|move|p1a: Qwilfish|Barb Barrage|p2a: Weezing
|-damage|p2a: Weezing|88\/100
|
|upkeep
|turn|2
|c|☆ReliantColey|!servertime
|c| ReliantColey|\/raw <div class="infobox">Server time: <b>2\/26\/2025, 4:21:32 AM<\/b><\/div>
|
|t:|1740543699
|move|p1a: Qwilfish|Spikes|p2a: Weezing
|-sidestart|p2: ReliantColey|Spikes
|move|p2a: Weezing|Will-O-Wisp|p1a: Qwilfish
|-status|p1a: Qwilfish|brn
|
|-damage|p1a: Qwilfish|95\/100 brn|[from] brn
|upkeep
|turn|3
|
|t:|1740543714
|move|p1a: Qwilfish|Spikes|p2a: Weezing
|-sidestart|p2: ReliantColey|Spikes
|move|p2a: Weezing|Strange Steam|p1a: Qwilfish
|-damage|p1a: Qwilfish|75\/100 brn
|
|-damage|p1a: Qwilfish|69\/100 brn|[from] brn
|upkeep
|turn|4
|
|t:|1740543760
|switch|p1a: Tornadus|Tornadus-Therian, M|100\/100
|move|p2a: Weezing|Strange Steam|p1a: Tornadus
|-damage|p1a: Tornadus|73\/100
|-start|p1a: Tornadus|confusion
|
|upkeep
|turn|5
|
|t:|1740543802
|switch|p2a: Latias|Latias, F|100\/100
|-activate|p1a: Tornadus|confusion
|-damage|p1a: Tornadus|64\/100|[from] confusion
|
|upkeep
|turn|6
|
|t:|1740543827
|detailschange|p2a: Latias|Latias-Mega, F
|-mega|p2a: Latias|Latias|Latiasite
|-end|p1a: Tornadus|confusion
|move|p1a: Tornadus|U-turn|p2a: Latias
|-supereffective|p2a: Latias
|-damage|p2a: Latias|77\/100
|
|t:|1740543833
|switch|p1a: Qwilfish|Qwilfish-Hisui, M|69\/100 brn|[from] U-turn
|-ability|p1a: Qwilfish|Intimidate|boost
|-unboost|p2a: Latias|atk|1
|move|p2a: Latias|Psychic|p1a: Qwilfish
|-immune|p1a: Qwilfish
|
|-damage|p1a: Qwilfish|63\/100 brn|[from] brn
|upkeep
|turn|7
|
|t:|1740543847
|switch|p2a: Weezing|Weezing-Galar, M|88\/100
|move|p1a: Qwilfish|Taunt|p2a: Weezing
|-start|p2a: Weezing|move: Taunt
|
|-damage|p1a: Qwilfish|57\/100 brn|[from] brn
|upkeep
|turn|8
|j| serendipidu
|
|t:|1740543901
|switch|p1a: Tornadus|Tornadus-Therian, M|97\/100
|move|p2a: Weezing|Strange Steam|p1a: Tornadus
|-damage|p1a: Tornadus|66\/100
|-start|p1a: Tornadus|confusion
|
|upkeep
|turn|9
|c|☆ChillerFrost|!dt strange steam
|raw|<ul class="utilichart"><li class="result"><span class="col movenamecol"><a href="https:\/\/dex.pokemonshowdown.com\/moves\/strangesteam">Strange Steam<\/a><\/span> <span class="col typecol"><img src="\/\/play.pokemonshowdown.com\/sprites\/types\/Fairy.png" alt="Fairy" width="32" height="14"><img src="\/\/play.pokemonshowdown.com\/sprites\/categories\/Special.png" alt="Special" width="32" height="14"><\/span> <span class="col labelcol"><em>Power<\/em><br>90<\/span> <span class="col widelabelcol"><em>Accuracy<\/em><br>95%<\/span> <span class="col pplabelcol"><em>PP<\/em><br>16<\/span> <span class="col movedesccol">20% chance to confuse the target.<\/span> <\/li><li style="clear:both"><\/li><\/ul>
|raw|<font size="1"><font color="#686868">Priority:<\/font> 0&nbsp;|&ThickSpace;<font color="#686868">Gen:<\/font> 8&nbsp;|&ThickSpace;&#10003; Boosted by Sheer Force&nbsp;|&ThickSpace;<font color="#686868">Z-Power:<\/font> 175&nbsp;|&ThickSpace;<font color="#686868">Target:<\/font> One Adjacent Pokémon<\/font>

|c|☆ChillerFrost|hmm
|
|t:|1740543926
|-activate|p1a: Tornadus|confusion
|move|p1a: Tornadus|Knock Off|p2a: Weezing
|-resisted|p2a: Weezing
|-damage|p2a: Weezing|81\/100
|-damage|p1a: Tornadus|50\/100|[from] item: Rocky Helmet|[of] p2a: Weezing
|-enditem|p2a: Weezing|Rocky Helmet|[from] move: Knock Off|[of] p1a: Tornadus
|move|p2a: Weezing|Strange Steam|p1a: Tornadus
|-damage|p1a: Tornadus|22\/100
|
|-end|p2a: Weezing|move: Taunt
|upkeep
|turn|10
|
|t:|1740543952
|switch|p1a: Alomomola|Alomomola, M|100\/100
|move|p2a: Weezing|Pain Split|p1a: Alomomola
|-sethp|p1a: Alomomola|75\/100|[from] move: Pain Split|[silent]
|-sethp|p2a: Weezing|100\/100|[from] move: Pain Split
|
|upkeep
|turn|11
|
|t:|1740543980
|switch|p2a: Zarude|Zarude-Dada|100\/100
|-damage|p2a: Zarude|84\/100|[from] Spikes
|move|p1a: Alomomola|Wish|p1a: Alomomola
|
|-heal|p2a: Zarude|90\/100|[from] item: Leftovers
|upkeep
|turn|12
|
|t:|1740543992
|switch|p1a: Tangela|Tangela, F|100\/100
|move|p2a: Zarude|Substitute|p2a: Zarude
|-start|p2a: Zarude|Substitute
|-damage|p2a: Zarude|65\/100
|
|-heal|p2a: Zarude|71\/100|[from] item: Leftovers
|upkeep
|turn|13
|
|t:|1740544007
|move|p2a: Zarude|Swords Dance|p2a: Zarude
|-boost|p2a: Zarude|atk|2
|move|p1a: Tangela|Infestation|p2a: Zarude
|-supereffective|p2a: Zarude
|-activate|p2a: Zarude|move: Substitute|[damage]
|
|-heal|p2a: Zarude|77\/100|[from] item: Leftovers
|upkeep
|turn|14
|j| TheRealMuney
|
|t:|1740544020
|move|p2a: Zarude|Knock Off|p1a: Tangela
|-damage|p1a: Tangela|60\/100
|-enditem|p1a: Tangela|Eviolite|[from] move: Knock Off|[of] p2a: Zarude
|move|p1a: Tangela|Infestation|p2a: Zarude
|-supereffective|p2a: Zarude
|-end|p2a: Zarude|Substitute
|
|-heal|p2a: Zarude|83\/100|[from] item: Leftovers
|upkeep
|turn|15
|j| imred65
|
|t:|1740544065
|switch|p1a: Urshifu|Urshifu, F|100\/100
|move|p2a: Zarude|Substitute|p2a: Zarude
|-start|p2a: Zarude|Substitute
|-damage|p2a: Zarude|58\/100
|
|-heal|p2a: Zarude|64\/100|[from] item: Leftovers
|upkeep
|turn|16
|
|t:|1740544079
|-terastallize|p2a: Zarude|Fairy
|move|p1a: Urshifu|U-turn|p2a: Zarude
|-resisted|p2a: Zarude
|-activate|p2a: Zarude|move: Substitute|[damage]
|
|t:|1740544087
|switch|p1a: Qwilfish|Qwilfish-Hisui, M|57\/100 brn|[from] U-turn
|-ability|p1a: Qwilfish|Intimidate|boost
|-immune|p2a: Zarude
|move|p2a: Zarude|Synthesis|p2a: Zarude
|-heal|p2a: Zarude|100\/100
|
|-damage|p1a: Qwilfish|51\/100 brn|[from] brn
|upkeep
|turn|17
|
|t:|1740544103
|move|p2a: Zarude|Knock Off|p1a: Qwilfish
|-resisted|p1a: Qwilfish
|-damage|p1a: Qwilfish|12\/100 brn
|-enditem|p1a: Qwilfish|Eviolite|[from] move: Knock Off|[of] p2a: Zarude
|move|p1a: Qwilfish|Taunt|p2a: Zarude
|-start|p2a: Zarude|move: Taunt
|
|-damage|p1a: Qwilfish|6\/100 brn|[from] brn
|upkeep
|turn|18
|
|t:|1740544124
|move|p2a: Zarude|Knock Off|p1a: Qwilfish
|-resisted|p1a: Qwilfish
|-damage|p1a: Qwilfish|0 fnt
|faint|p1a: Qwilfish
|
|upkeep
|
|t:|1740544127
|switch|p1a: Urshifu|Urshifu, F|100\/100
|turn|19
|
|t:|1740544131
|move|p1a: Urshifu|U-turn|p2a: Zarude
|-resisted|p2a: Zarude
|-activate|p2a: Zarude|move: Substitute|[damage]
|
|t:|1740544139
|switch|p1a: Tangela|Tangela, F|93\/100|[from] U-turn
|move|p2a: Zarude|Knock Off|p1a: Tangela
|-damage|p1a: Tangela|50\/100
|
|upkeep
|turn|20
|
|t:|1740544147
|move|p2a: Zarude|Knock Off|p1a: Tangela
|-damage|p1a: Tangela|7\/100
|move|p1a: Tangela|Synthesis|p1a: Tangela
|-heal|p1a: Tangela|57\/100
|
|-end|p2a: Zarude|move: Taunt
|upkeep
|turn|21
|
|t:|1740544155
|move|p2a: Zarude|Swords Dance|p2a: Zarude
|-boost|p2a: Zarude|atk|2
|move|p1a: Tangela|Infestation|p2a: Zarude
|-resisted|p2a: Zarude
|-activate|p2a: Zarude|move: Substitute|[damage]
|
|upkeep
|turn|22
|
|t:|1740544159
|move|p2a: Zarude|Knock Off|p1a: Tangela
|-damage|p1a: Tangela|0 fnt
|faint|p1a: Tangela
|
|upkeep
|
|t:|1740544182
|switch|p1a: Urshifu|Urshifu, F|100\/100
|turn|23
|
|t:|1740544188
|move|p1a: Urshifu|Iron Head|p2a: Zarude
|-supereffective|p2a: Zarude
|-end|p2a: Zarude|Substitute
|move|p2a: Zarude|Knock Off|p1a: Urshifu
|-resisted|p1a: Urshifu
|-damage|p1a: Urshifu|68\/100
|-enditem|p1a: Urshifu|Choice Scarf|[from] move: Knock Off|[of] p2a: Zarude
|
|upkeep
|turn|24
|
|t:|1740544228
|switch|p2a: Weezing|Weezing-Galar, M|100\/100
|move|p1a: Urshifu|Iron Head|p2a: Weezing
|-supereffective|p2a: Weezing
|-damage|p2a: Weezing|62\/100
|
|upkeep
|turn|25
|
|t:|1740544242
|move|p1a: Urshifu|U-turn|p2a: Weezing
|-resisted|p2a: Weezing
|-crit|p2a: Weezing
|-damage|p2a: Weezing|57\/100
|
|t:|1740544247
|switch|p1a: Tornadus|Tornadus-Therian, M|55\/100|[from] U-turn
|move|p2a: Weezing|Will-O-Wisp|p1a: Tornadus|[miss]
|-miss|p2a: Weezing|p1a: Tornadus
|
|upkeep
|turn|26
|
|t:|1740544275
|move|p1a: Tornadus|Bleakwind Storm|p2a: Weezing
|-damage|p2a: Weezing|6\/100
|move|p2a: Weezing|Pain Split|p1a: Tornadus
|-sethp|p1a: Tornadus|30\/100|[from] move: Pain Split|[silent]
|-sethp|p2a: Weezing|33\/100|[from] move: Pain Split
|
|upkeep
|turn|27
|j| Crown Oji
|
|t:|1740544298
|switch|p2a: Latias|Latias-Mega, F|77\/100
|move|p1a: Tornadus|Bleakwind Storm|p2a: Latias
|-damage|p2a: Latias|50\/100
|-unboost|p2a: Latias|spe|1
|
|upkeep
|turn|28
|
|t:|1740544313
|move|p1a: Tornadus|U-turn|p2a: Latias
|-supereffective|p2a: Latias
|-damage|p2a: Latias|26\/100
|
|t:|1740544320
|switch|p1a: Alomomola|Alomomola, M|100\/100|[from] U-turn
|move|p2a: Latias|Healing Wish|p2a: Latias
|faint|p2a: Latias
|
|upkeep
|c|☆ChillerFrost|gotta say
|c|☆ChillerFrost|did not prep for healing with mega latias
|
|t:|1740544349
|switch|p2a: Vikavolt|Vikavolt, M|100\/100
|turn|29
|c| Bunnnies|we did that in the season we had it I think
|
|t:|1740544381
|move|p1a: Alomomola|Flip Turn|p2a: Vikavolt
|-damage|p2a: Vikavolt|83\/100
|
|t:|1740544391
|switch|p1a: Latios|Latios, M|100\/100|[from] Flip Turn
|move|p2a: Vikavolt|Volt Switch|p1a: Latios
|-resisted|p1a: Latios
|-damage|p1a: Latios|77\/100
|
|t:|1740544406
|switch|p2a: Zarude|Zarude-Dada, tera:Fairy|100\/100|[from] Volt Switch
|-damage|p2a: Zarude|84\/100|[from] Spikes
|
|-heal|p2a: Zarude|90\/100|[from] item: Leftovers
|upkeep
|turn|30
|
|t:|1740544418
|switch|p1a: Urshifu|Urshifu, F|68\/100
|move|p2a: Zarude|Knock Off|p1a: Urshifu
|-resisted|p1a: Urshifu
|-damage|p1a: Urshifu|59\/100
|
|-heal|p2a: Zarude|96\/100|[from] item: Leftovers
|upkeep
|turn|31
|
|t:|1740544457
|move|p2a: Zarude|Synthesis|p2a: Zarude
|-heal|p2a: Zarude|100\/100
|move|p1a: Urshifu|Iron Head|p2a: Zarude
|-supereffective|p2a: Zarude
|-damage|p2a: Zarude|50\/100
|
|-heal|p2a: Zarude|56\/100|[from] item: Leftovers
|upkeep
|turn|32
|
|t:|1740544466
|move|p2a: Zarude|Synthesis|p2a: Zarude
|-heal|p2a: Zarude|100\/100
|move|p1a: Urshifu|Iron Head|p2a: Zarude
|-supereffective|p2a: Zarude
|-damage|p2a: Zarude|53\/100
|
|-heal|p2a: Zarude|59\/100|[from] item: Leftovers
|upkeep
|turn|33
|
|t:|1740544475
|move|p2a: Zarude|Synthesis|p2a: Zarude
|-heal|p2a: Zarude|100\/100
|move|p1a: Urshifu|Iron Head|p2a: Zarude
|-supereffective|p2a: Zarude
|-damage|p2a: Zarude|47\/100
|
|-heal|p2a: Zarude|53\/100|[from] item: Leftovers
|upkeep
|turn|34
|
|t:|1740544492
|move|p2a: Zarude|Swords Dance|p2a: Zarude
|-boost|p2a: Zarude|atk|2
|move|p1a: Urshifu|Iron Head|p2a: Zarude
|-supereffective|p2a: Zarude
|-damage|p2a: Zarude|0 fnt
|faint|p2a: Zarude
|
|upkeep
|
|t:|1740544494
|switch|p2a: Weezing|Weezing-Galar, M|33\/100
|-heal|p2a: Weezing|100\/100|[from] move: Healing Wish
|turn|35
|
|t:|1740544505
|move|p1a: Urshifu|U-turn|p2a: Weezing
|-resisted|p2a: Weezing
|-damage|p2a: Weezing|97\/100
|
|t:|1740544520
|switch|p1a: Tornadus|Tornadus-Therian, M|64\/100|[from] U-turn
|move|p2a: Weezing|Will-O-Wisp|p1a: Tornadus
|-status|p1a: Tornadus|brn
|
|-damage|p1a: Tornadus|58\/100 brn|[from] brn
|upkeep
|turn|36
|
|t:|1740544566
|move|p1a: Tornadus|Bleakwind Storm|p2a: Weezing|[miss]
|-miss|p1a: Tornadus|p2a: Weezing
|move|p2a: Weezing|Strange Steam|p1a: Tornadus
|-damage|p1a: Tornadus|31\/100 brn
|
|-damage|p1a: Tornadus|25\/100 brn|[from] brn
|upkeep
|turn|37
|
|t:|1740544587
|move|p1a: Tornadus|U-turn|p2a: Weezing
|-resisted|p2a: Weezing
|-damage|p2a: Weezing|95\/100
|
|t:|1740544591
|switch|p1a: Alomomola|Alomomola, M|100\/100|[from] U-turn
|move|p2a: Weezing|Sludge Bomb|p1a: Alomomola
|-damage|p1a: Alomomola|65\/100
|
|upkeep
|turn|38
|
|t:|1740544607
|switch|p2a: Vikavolt|Vikavolt, M|83\/100
|move|p1a: Alomomola|Wish|p1a: Alomomola
|
|upkeep
|turn|39
|
|t:|1740544624
|move|p1a: Alomomola|Knock Off|p2a: Vikavolt
|-damage|p2a: Vikavolt|64\/100
|-enditem|p2a: Vikavolt|Heavy-Duty Boots|[from] move: Knock Off|[of] p1a: Alomomola
|move|p2a: Vikavolt|Bug Buzz|p1a: Alomomola
|-damage|p1a: Alomomola|0 fnt
|faint|p1a: Alomomola
|
|upkeep
|
|t:|1740544668
|switch|p1a: Latios|Latios, M|77\/100
|turn|40
|
|t:|1740544673
|move|p1a: Latios|Luster Purge|p2a: Vikavolt
|-damage|p2a: Vikavolt|0 fnt
|faint|p2a: Vikavolt
|
|upkeep
|
|t:|1740544680
|switch|p2a: Mimikyu|Mimikyu, F|100\/100
|-damage|p2a: Mimikyu|84\/100|[from] Spikes
|turn|41
|
|t:|1740544699
|switch|p1a: Tornadus|Tornadus-Therian, M|58\/100 brn
|move|p2a: Mimikyu|Trick Room|p2a: Mimikyu
|-fieldstart|move: Trick Room|[of] p2a: Mimikyu
|
|-damage|p1a: Tornadus|52\/100 brn|[from] brn
|upkeep
|turn|42
|
|t:|1740544706
|move|p2a: Mimikyu|Play Rough|p1a: Tornadus
|-damage|p1a: Tornadus|9\/100 brn
|move|p1a: Tornadus|Knock Off|p2a: Mimikyu
|-activate|p2a: Mimikyu|ability: Disguise
|-damage|p2a: Mimikyu|84\/100
|-enditem|p2a: Mimikyu|Custap Berry|[from] move: Knock Off|[of] p1a: Tornadus
|detailschange|p2a: Mimikyu|Mimikyu-Busted, F
|-damage|p2a: Mimikyu|71\/100|[from] pokemon: Mimikyu-Busted
|
|-damage|p1a: Tornadus|3\/100 brn|[from] brn
|upkeep
|turn|43
|
|t:|1740544768
|switch|p1a: Urshifu|Urshifu, F|59\/100
|move|p2a: Mimikyu|Play Rough|p1a: Urshifu
|-supereffective|p1a: Urshifu
|-damage|p1a: Urshifu|0 fnt
|faint|p1a: Urshifu
|
|upkeep
|
|t:|1740544776
|switch|p1a: Tornadus|Tornadus-Therian, M|37\/100 brn
|turn|44
|
|t:|1740544783
|move|p2a: Mimikyu|Play Rough|p1a: Tornadus
|-damage|p1a: Tornadus|0 fnt
|faint|p1a: Tornadus
|
|upkeep
|
|t:|1740544786
|switch|p1a: Latios|Latios, M|77\/100
|turn|45
|
|t:|1740544794
|move|p2a: Mimikyu|Destiny Bond|p2a: Mimikyu
|-singlemove|p2a: Mimikyu|Destiny Bond
|move|p1a: Latios|Luster Purge|p2a: Mimikyu
|-damage|p2a: Mimikyu|6\/100
|-unboost|p2a: Mimikyu|spd|1
|
|-fieldend|move: Trick Room
|upkeep
|turn|46
|c|☆ChillerFrost|oh wow
|
|t:|1740544810
|move|p1a: Latios|Draco Meteor|p2a: Mimikyu
|-immune|p2a: Mimikyu
|move|p2a: Mimikyu|Play Rough|p1a: Latios
|-supereffective|p1a: Latios
|-damage|p1a: Latios|0 fnt
|faint|p1a: Latios
|
|win|ReliantColey
|c|☆ReliantColey|gg
|c|☆ChillerFrost|gg
|c|☆ReliantColey|weird team ftw
|c| TheRealMuney|w destiny bond strat
|c|☆ChillerFrost|that dbond was funny
|c|☆ChillerFrost|yeah i did not expect that
|c|☆ChillerFrost|at all
|l| TheRealMuney
|c|☆ReliantColey|i didnt get to use choice band hands :(
|c|☆ChillerFrost|if you missed there
|c|☆ChillerFrost|:(
|c|☆ReliantColey|yeah it was over
|c|☆ChillerFrost|i think without trick room i might win?
|c|☆ReliantColey|probably
|c|☆ReliantColey|i almost brough psychic berry hands
|l| imred65
|c|☆ReliantColey|knocking off the custap was probably the biggest move
|c|☆ReliantColey|i had endure to get tr back up or kill something with dbond
|c|☆ChillerFrost|i should have killed torn instead of alo
|c|☆ReliantColey|hmm yeah
|c|☆ChillerFrost|so last move was endure?
|c|☆ReliantColey|yeah
|c|☆ChillerFrost|yeah endure + custap is basically shadow sneak
|c|☆ChillerFrost|i had assumed shadow sneak was the play
|c|☆ReliantColey|fair assumption
|c|☆ChillerFrost|i should have known with the custap

</script>
</div>
<div class="battle-log battle-log-inline"><div class="inner"><div class="battle-options"></div><div class="inner message-log"><div class="chat"><small>☆ChillerFrost and ☆ReliantColey joined</small></div><div class=""><small>Format:</small> <br><strong>[Gen 9] NatDex Draft</strong></div><div class=""><small><em>Sleep Clause Mod:</em> Limit one foe put to sleep</small></div><div class=""><small><em>OHKO Clause:</em> OHKO moves are banned</small></div><div class=""><small><em>Evasion Clause:</em> Evasion abilities, items, and moves are banned</small></div><div class=""><small><em>Evasion Abilities Clause:</em> Evasion abilities are banned</small></div><div class=""><small><em>Evasion Items Clause:</em> Evasion items are banned</small></div><div class=""><small><em>Evasion Moves Clause:</em> Evasion moves are banned</small></div><div class=""><small><em>Endless Battle Clause:</em> Forcing endless battles is banned</small></div><div class=""><small><em>HP Percentage Mod:</em> HP is shown in percentages</small></div><div class="chat battle-history"><strong>ChillerFrost's team:</strong> <em style="color:#445566;display:block;">Urshifu-* / Alomomola / Tornadus-Therian / Qwilfish-Hisui / Latios / Tangela</em></div><div class="chat battle-history"><strong>ReliantColey's team:</strong> <em style="color:#445566;display:block;">Zarude-Dada / Vikavolt / Mimikyu / Iron Hands / Weezing-Galar / Latias</em></div><div class="chat chatmessage-reliantcoley"><strong style="color:#9727e7"><small>☆</small><span class="username" data-name="ReliantColey">ReliantColey</span>:</strong> <em>this what you expected?</em></div><div class="chat"><small> conundromic joined</small></div><div class="chat chatmessage-chillerfrost"><strong style="color:#2aaa9b"><small>☆</small><span class="username" data-name="ChillerFrost">ChillerFrost</span>:</strong> <em>nah, thought it'd be the base zarude form</em></div><div class="chat chatmessage-reliantcoley"><strong style="color:#9727e7"><small>☆</small><span class="username" data-name="ReliantColey">ReliantColey</span>:</strong> <em>your team is def not what i was expecting</em></div><div class="chat"><small> 25Days,  Bunnnies, and  Phantom0rion joined</small></div><div class="chat chatmessage-reliantcoley"><strong style="color:#9727e7"><small>☆</small><span class="username" data-name="ReliantColey">ReliantColey</span>:</strong> <em>i needed the scarf for the 5 more base speed</em></div><div class="chat chatmessage-chillerfrost"><strong style="color:#2aaa9b"><small>☆</small><span class="username" data-name="ChillerFrost">ChillerFrost</span>:</strong> <em>there are definitely some surprises</em></div><div class="chat"><small> DoctaShock joined</small></div><div class="chat chatmessage-chillerfrost"><strong style="color:#2aaa9b"><small>☆</small><span class="username" data-name="ChillerFrost">ChillerFrost</span>:</strong> <em>hm</em></div><div class="chat chatmessage-chillerfrost"><strong style="color:#2aaa9b"><small>☆</small><span class="username" data-name="ChillerFrost">ChillerFrost</span>:</strong> <em>!dt zarude-dada</em></div><div class="chat"><div class="message"><ul class="utilichart"><li class="result"><span class="col numcol">UU</span> <span class="col iconcol"><span class="picon" style="background:transparent url(https://play.pokemonshowdown.com/sprites/pokemonicons-sheet.png?v18) no-repeat scroll -240px -3060px"></span></span> <span class="col pokemonnamecol"><a href="https://dex.pokemonshowdown.com/pokemon/zarudedada" target="_blank" rel="noopener">Zarude-Dada</a></span> <span class="col typecol"><img src="https://play.pokemonshowdown.com/sprites/types/Dark.png" alt="Dark" height="14" width="32"><img src="https://play.pokemonshowdown.com/sprites/types/Grass.png" alt="Grass" height="14" width="32"></span> <span><span class="col abilitycol">Leaf Guard</span><span class="col abilitycol"></span></span><span><span class="col statcol"><em>HP</em><br>105</span> <span class="col statcol"><em>Atk</em><br>120</span> <span class="col statcol"><em>Def</em><br>105</span> <span class="col statcol"><em>SpA</em><br>70</span> <span class="col statcol"><em>SpD</em><br>95</span> <span class="col statcol"><em>Spe</em><br>105</span> <span class="col bstcol"><em>BST<br>600</em></span> </span></li><li></li></ul></div></div><div class="chat"><font size="1"><font color="#686868">Dex#:</font> 893&nbsp;|  <font color="#686868">Gen:</font> 8&nbsp;|  <font color="#686868">Height:</font> 1.8 m&nbsp;|  <font color="#686868">Weight:</font> 70 kg <em>(80 BP)</em>&nbsp;|  <font color="#686868">Dex Colour:</font> Black&nbsp;|  <font color="#686868">Egg Group(s):</font> Undiscovered&nbsp;|  <font color="#686868">Does Not Evolve</font></font></div><div class="chat chatmessage-reliantcoley"><strong style="color:#9727e7"><small>☆</small><span class="username" data-name="ReliantColey">ReliantColey</span>:</strong> <em>made you look</em></div><div class="chat chatmessage-chillerfrost"><strong style="color:#2aaa9b"><small>☆</small><span class="username" data-name="ChillerFrost">ChillerFrost</span>:</strong> <em>yep i see it</em></div><div class="chat chatmessage-chillerfrost"><strong style="color:#2aaa9b"><small>☆</small><span class="username" data-name="ChillerFrost">ChillerFrost</span>:</strong> <em>the secret +5 that winners can see</em></div><div class="spacer battle-history"><br></div><div class="battle-history">Battle started between ChillerFrost and ReliantColey!<br></div><div class="spacer battle-history"><br></div><div class="battle-history">Go! Qwilfish (<strong>Qwilfish-Hisui</strong>)!<br></div><div class="spacer battle-history"><br></div><div class="battle-history">ReliantColey sent out Zarude (<strong>Zarude-Dada</strong>)!<br></div><div class="battle-history">[Qwilfish's Intimidate]<br></div><div class="battle-history"><small>The opposing Zarude's Attack fell!</small><br></div><div class="spacer battle-history"><br></div><h2 class="battle-history">Turn 1</h2><div class="chat"><small> ksch joined</small></div><div class="spacer battle-history"><br></div><div class="battle-history">ReliantColey withdrew Zarude!<br></div><div class="battle-history">ReliantColey sent out Weezing (<strong>Weezing-Galar</strong>)!<br></div><div class="spacer battle-history"><br></div><div class="battle-history">Qwilfish used <strong>Barb Barrage</strong>!<br></div><div class="battle-history"><small>(The opposing Weezing lost 12% of its health!)</small><br></div><div class="spacer battle-history"><br></div><h2 class="battle-history">Turn 2</h2><div class="chat chatmessage-reliantcoley"><strong style="color:#9727e7"><small>☆</small><span class="username" data-name="ReliantColey">ReliantColey</span>:</strong> <em>!servertime</em></div><div class="chat"><div class="infobox">Server time: <b>2/26/2025, 4:21:32 AM</b></div></div><div class="spacer battle-history"><br></div><div class="battle-history">Qwilfish used <strong>Spikes</strong>!<br></div><div class="battle-history"><small>Spikes were scattered on the ground all around the opposing team!</small><br></div><div class="spacer battle-history"><br></div><div class="battle-history">The opposing Weezing used <strong>Will-O-Wisp</strong>!<br></div><div class="battle-history"><small>Qwilfish was burned!</small><br></div><div class="spacer battle-history"><br></div><div class="battle-history"><small>Qwilfish was hurt by its burn!</small><br></div><div class="spacer battle-history"><br></div><h2 class="battle-history">Turn 3</h2><div class="spacer battle-history"><br></div><div class="battle-history">Qwilfish used <strong>Spikes</strong>!<br></div><div class="battle-history"><small>Spikes were scattered on the ground all around the opposing team!</small><br></div><div class="spacer battle-history"><br></div><div class="battle-history">The opposing Weezing used <strong>Strange Steam</strong>!<br></div><div class="battle-history"><small>(Qwilfish lost 20% of its health!)</small><br></div><div class="spacer battle-history"><br></div><div class="battle-history"><small>Qwilfish was hurt by its burn!</small><br></div><div class="spacer battle-history"><br></div><h2 class="battle-history">Turn 4</h2><div class="spacer battle-history"><br></div><div class="battle-history">Qwilfish, come back!<br></div><div class="battle-history">Go! Tornadus (<strong>Tornadus-Therian</strong>)!<br></div><div class="spacer battle-history"><br></div><div class="battle-history">The opposing Weezing used <strong>Strange Steam</strong>!<br></div><div class="battle-history"><small>(Tornadus lost 27% of its health!)</small><br></div><div class="battle-history"><small>Tornadus became confused!</small><br></div><div class="spacer battle-history"><br></div><h2 class="battle-history">Turn 5</h2><div class="spacer battle-history"><br></div><div class="battle-history">ReliantColey withdrew Weezing!<br></div><div class="battle-history">ReliantColey sent out <strong>Latias</strong>!<br></div><div class="spacer battle-history"><br></div><div class="battle-history"><small>Tornadus is confused!</small><br></div><div class="battle-history">It hurt itself in its confusion!<br></div><div class="spacer battle-history"><br></div><h2 class="battle-history">Turn 6</h2><div class="spacer battle-history"><br></div><div class="battle-history"><small>The opposing Latias's Latiasite is reacting to the Key Stone!</small><br>The opposing Latias has Mega Evolved into Mega Latias!<br></div><div class="battle-history"><small>Tornadus snapped out of its confusion!</small><br></div><div class="spacer battle-history"><br></div><div class="battle-history">Tornadus used <strong>U-turn</strong>!<br></div><div class="battle-history"><small>It's super effective!</small><br></div><div class="battle-history"><small>(The opposing Latias lost 23% of its health!)</small><br></div><div class="spacer battle-history"><br></div><div class="battle-history">Tornadus went back to ChillerFrost!<br></div><div class="battle-history">Go! Qwilfish (<strong>Qwilfish-Hisui</strong>)!<br></div><div class="battle-history">[Qwilfish's Intimidate]<br></div><div class="battle-history"><small>The opposing Latias's Attack fell!</small><br></div><div class="spacer battle-history"><br></div><div class="battle-history">The opposing Latias used <strong>Psychic</strong>!<br></div><div class="battle-history"><small>It doesn't affect Qwilfish...</small><br></div><div class="spacer battle-history"><br></div><div class="battle-history"><small>Qwilfish was hurt by its burn!</small><br></div><div class="spacer battle-history"><br></div><h2 class="battle-history">Turn 7</h2><div class="spacer battle-history"><br></div><div class="battle-history">ReliantColey withdrew Latias!<br></div><div class="battle-history">ReliantColey sent out Weezing (<strong>Weezing-Galar</strong>)!<br></div><div class="spacer battle-history"><br></div><div class="battle-history">Qwilfish used <strong>Taunt</strong>!<br></div><div class="battle-history"><small>The opposing Weezing fell for the taunt!</small><br></div><div class="spacer battle-history"><br></div><div class="battle-history"><small>Qwilfish was hurt by its burn!</small><br></div><div class="spacer battle-history"><br></div><h2 class="battle-history">Turn 8</h2><div class="chat"><small> serendipidu joined</small></div><div class="spacer battle-history"><br></div><div class="battle-history">Qwilfish, come back!<br></div><div class="battle-history">Go! Tornadus (<strong>Tornadus-Therian</strong>)!<br></div><div class="spacer battle-history"><br></div><div class="battle-history">The opposing Weezing used <strong>Strange Steam</strong>!<br></div><div class="battle-history"><small>(Tornadus lost 31% of its health!)</small><br></div><div class="battle-history"><small>Tornadus became confused!</small><br></div><div class="spacer battle-history"><br></div><h2 class="battle-history">Turn 9</h2><div class="chat chatmessage-chillerfrost"><strong style="color:#2aaa9b"><small>☆</small><span class="username" data-name="ChillerFrost">ChillerFrost</span>:</strong> <em>!dt strange steam</em></div><div class="chat"><ul class="utilichart"><li class="result"><span class="col movenamecol"><a href="https://dex.pokemonshowdown.com/moves/strangesteam" target="_blank" rel="noopener">Strange Steam</a></span> <span class="col typecol"><img src="//play.pokemonshowdown.com/sprites/types/Fairy.png" alt="Fairy" width="32" height="14"><img src="//play.pokemonshowdown.com/sprites/categories/Special.png" alt="Special" width="32" height="14"></span> <span class="col labelcol"><em>Power</em><br>90</span> <span class="col widelabelcol"><em>Accuracy</em><br>95%</span> <span class="col pplabelcol"><em>PP</em><br>16</span> <span class="col movedesccol">20% chance to confuse the target.</span> </li><li></li></ul></div><div class="chat"><font size="1"><font color="#686868">Priority:</font> 0&nbsp;|  <font color="#686868">Gen:</font> 8&nbsp;|  ✓ Boosted by Sheer Force&nbsp;|  <font color="#686868">Z-Power:</font> 175&nbsp;|  <font color="#686868">Target:</font> One Adjacent Pokémon</font></div><div class="chat chatmessage-chillerfrost"><strong style="color:#2aaa9b"><small>☆</small><span class="username" data-name="ChillerFrost">ChillerFrost</span>:</strong> <em>hmm</em></div><div class="spacer battle-history"><br></div><div class="battle-history"><small>Tornadus is confused!</small><br></div><div class="battle-history">Tornadus used <strong>Knock Off</strong>!<br></div><div class="battle-history"><small>It's not very effective...</small><br></div><div class="battle-history"><small>(The opposing Weezing lost 7% of its health!)</small><br></div><div class="battle-history"><small>Tornadus was hurt by the Rocky Helmet!</small><br></div><div class="battle-history"><small>Tornadus knocked off the opposing Weezing's Rocky Helmet!</small><br></div><div class="spacer battle-history"><br></div><div class="battle-history">The opposing Weezing used <strong>Strange Steam</strong>!<br></div><div class="battle-history"><small>(Tornadus lost 28% of its health!)</small><br></div><div class="spacer battle-history"><br></div><div class="battle-history"><small>The opposing Weezing shook off the taunt!</small><br></div><div class="spacer battle-history"><br></div><h2 class="battle-history">Turn 10</h2><div class="spacer battle-history"><br></div><div class="battle-history">Tornadus, come back!<br></div><div class="battle-history">Go! <strong>Alomomola</strong>!<br></div><div class="spacer battle-history"><br></div><div class="battle-history">The opposing Weezing used <strong>Pain Split</strong>!<br></div><div class="battle-history"><small>The battlers shared their pain!</small><br></div><div class="spacer battle-history"><br></div><h2 class="battle-history">Turn 11</h2><div class="spacer battle-history"><br></div><div class="battle-history">ReliantColey withdrew Weezing!<br></div><div class="battle-history">ReliantColey sent out Zarude (<strong>Zarude-Dada</strong>)!<br></div><div class="battle-history"><small>The opposing Zarude was hurt by the spikes!</small><br></div><div class="spacer battle-history"><br></div><div class="battle-history">Alomomola used <strong>Wish</strong>!<br></div><div class="spacer battle-history"><br></div><div class="battle-history"><small>The opposing Zarude restored a little HP using its Leftovers!</small><br></div><div class="spacer battle-history"><br></div><h2 class="battle-history">Turn 12</h2><div class="spacer battle-history"><br></div><div class="battle-history">Alomomola, come back!<br></div><div class="battle-history">Go! <strong>Tangela</strong>!<br></div><div class="spacer battle-history"><br></div><div class="battle-history">The opposing Zarude used <strong>Substitute</strong>!<br></div><div class="battle-history"><small>The opposing Zarude put in a substitute!</small><br></div><div class="battle-history"><small>(The opposing Zarude lost 25% of its health!)</small><br></div><div class="spacer battle-history"><br></div><div class="battle-history"><small>The opposing Zarude restored a little HP using its Leftovers!</small><br></div><div class="spacer battle-history"><br></div><h2 class="battle-history">Turn 13</h2><div class="spacer battle-history"><br></div><div class="battle-history">The opposing Zarude used <strong>Swords Dance</strong>!<br></div><div class="battle-history"><small>The opposing Zarude's Attack rose sharply!</small><br></div><div class="spacer battle-history"><br></div><div class="battle-history">Tangela used <strong>Infestation</strong>!<br></div><div class="battle-history"><small>It's super effective!</small><br></div><div class="battle-history"><small>The substitute took damage for the opposing Zarude!</small><br></div><div class="spacer battle-history"><br></div><div class="battle-history"><small>The opposing Zarude restored a little HP using its Leftovers!</small><br></div><div class="spacer battle-history"><br></div><h2 class="battle-history">Turn 14</h2><div class="chat"><small> TheRealMuney joined</small></div><div class="spacer battle-history"><br></div><div class="battle-history">The opposing Zarude used <strong>Knock Off</strong>!<br></div><div class="battle-history"><small>(Tangela lost 40% of its health!)</small><br></div><div class="battle-history"><small>The opposing Zarude knocked off Tangela's Eviolite!</small><br></div><div class="spacer battle-history"><br></div><div class="battle-history">Tangela used <strong>Infestation</strong>!<br></div><div class="battle-history"><small>It's super effective!</small><br></div><div class="battle-history"><small>The opposing Zarude's substitute faded!</small><br></div><div class="spacer battle-history"><br></div><div class="battle-history"><small>The opposing Zarude restored a little HP using its Leftovers!</small><br></div><div class="spacer battle-history"><br></div><h2 class="battle-history">Turn 15</h2><div class="chat"><small> imred65 joined</small></div><div class="spacer battle-history"><br></div><div class="battle-history">Tangela, come back!<br></div><div class="battle-history">Go! <strong>Urshifu</strong>!<br></div><div class="spacer battle-history"><br></div><div class="battle-history">The opposing Zarude used <strong>Substitute</strong>!<br></div><div class="battle-history"><small>The opposing Zarude put in a substitute!</small><br></div><div class="battle-history"><small>(The opposing Zarude lost 25% of its health!)</small><br></div><div class="spacer battle-history"><br></div><div class="battle-history"><small>The opposing Zarude restored a little HP using its Leftovers!</small><br></div><div class="spacer battle-history"><br></div><h2 class="battle-history">Turn 16</h2><div class="spacer battle-history"><br></div><div class="battle-history"><small>The opposing Zarude has Terastallized into the Fairy-type!</small><br></div><div class="spacer battle-history"><br></div><div class="battle-history">Urshifu used <strong>U-turn</strong>!<br></div><div class="battle-history"><small>It's not very effective...</small><br></div><div class="battle-history"><small>The substitute took damage for the opposing Zarude!</small><br></div><div class="spacer battle-history"><br></div><div class="battle-history">Urshifu went back to ChillerFrost!<br></div><div class="battle-history">Go! Qwilfish (<strong>Qwilfish-Hisui</strong>)!<br></div><div class="battle-history">[Qwilfish's Intimidate]<br></div><div class="battle-history"><small>It doesn't affect the opposing Zarude...</small><br></div><div class="spacer battle-history"><br></div><div class="battle-history">The opposing Zarude used <strong>Synthesis</strong>!<br></div><div class="battle-history"><small>The opposing Zarude had its HP restored.</small><br></div><div class="spacer battle-history"><br></div><div class="battle-history"><small>Qwilfish was hurt by its burn!</small><br></div><div class="spacer battle-history"><br></div><h2 class="battle-history">Turn 17</h2><div class="spacer battle-history"><br></div><div class="battle-history">The opposing Zarude used <strong>Knock Off</strong>!<br></div><div class="battle-history"><small>It's not very effective...</small><br></div><div class="battle-history"><small>(Qwilfish lost 39% of its health!)</small><br></div><div class="battle-history"><small>The opposing Zarude knocked off Qwilfish's Eviolite!</small><br></div><div class="spacer battle-history"><br></div><div class="battle-history">Qwilfish used <strong>Taunt</strong>!<br></div><div class="battle-history"><small>The opposing Zarude fell for the taunt!</small><br></div><div class="spacer battle-history"><br></div><div class="battle-history"><small>Qwilfish was hurt by its burn!</small><br></div><div class="spacer battle-history"><br></div><h2 class="battle-history">Turn 18</h2><div class="spacer battle-history"><br></div><div class="battle-history">The opposing Zarude used <strong>Knock Off</strong>!<br></div><div class="battle-history"><small>It's not very effective...</small><br></div><div class="battle-history"><small>(Qwilfish lost 6% of its health!)</small><br></div><div class="spacer battle-history"><br></div><div class="battle-history">Qwilfish fainted!<br></div><div class="spacer battle-history"><br></div><div class="battle-history">Go! <strong>Urshifu</strong>!<br></div><div class="spacer battle-history"><br></div><h2 class="battle-history">Turn 19</h2><div class="spacer battle-history"><br></div><div class="battle-history">Urshifu used <strong>U-turn</strong>!<br></div><div class="battle-history"><small>It's not very effective...</small><br></div><div class="battle-history"><small>The substitute took damage for the opposing Zarude!</small><br></div><div class="spacer battle-history"><br></div><div class="battle-history">Urshifu went back to ChillerFrost!<br></div><div class="battle-history">Go! <strong>Tangela</strong>!<br></div><div class="spacer battle-history"><br></div><div class="battle-history">The opposing Zarude used <strong>Knock Off</strong>!<br></div><div class="battle-history"><small>(Tangela lost 43% of its health!)</small><br></div><div class="spacer battle-history"><br></div><h2 class="battle-history">Turn 20</h2><div class="spacer battle-history"><br></div><div class="battle-history">The opposing Zarude used <strong>Knock Off</strong>!<br></div><div class="battle-history"><small>(Tangela lost 43% of its health!)</small><br></div><div class="spacer battle-history"><br></div><div class="battle-history">Tangela used <strong>Synthesis</strong>!<br></div><div class="battle-history"><small>Tangela had its HP restored.</small><br></div><div class="spacer battle-history"><br></div><div class="battle-history"><small>The opposing Zarude shook off the taunt!</small><br></div><div class="spacer battle-history"><br></div><h2 class="battle-history">Turn 21</h2><div class="spacer battle-history"><br></div><div class="battle-history">The opposing Zarude used <strong>Swords Dance</strong>!<br></div><div class="battle-history"><small>The opposing Zarude's Attack rose sharply!</small><br></div><div class="spacer battle-history"><br></div><div class="battle-history">Tangela used <strong>Infestation</strong>!<br></div><div class="battle-history"><small>It's not very effective...</small><br></div><div class="battle-history"><small>The substitute took damage for the opposing Zarude!</small><br></div><div class="spacer battle-history"><br></div><h2 class="battle-history">Turn 22</h2><div class="spacer battle-history"><br></div><div class="battle-history">The opposing Zarude used <strong>Knock Off</strong>!<br></div><div class="battle-history"><small>(Tangela lost 57% of its health!)</small><br></div><div class="spacer battle-history"><br></div><div class="battle-history">Tangela fainted!<br></div><div class="spacer battle-history"><br></div><div class="battle-history">Go! <strong>Urshifu</strong>!<br></div><div class="spacer battle-history"><br></div><h2 class="battle-history">Turn 23</h2><div class="spacer battle-history"><br></div><div class="battle-history">Urshifu used <strong>Iron Head</strong>!<br></div><div class="battle-history"><small>It's super effective!</small><br></div><div class="battle-history"><small>The opposing Zarude's substitute faded!</small><br></div><div class="spacer battle-history"><br></div><div class="battle-history">The opposing Zarude used <strong>Knock Off</strong>!<br></div><div class="battle-history"><small>It's not very effective...</small><br></div><div class="battle-history"><small>(Urshifu lost 32% of its health!)</small><br></div><div class="battle-history"><small>The opposing Zarude knocked off Urshifu's Choice Scarf!</small><br></div><div class="spacer battle-history"><br></div><h2 class="battle-history">Turn 24</h2><div class="spacer battle-history"><br></div><div class="battle-history">ReliantColey withdrew Zarude!<br></div><div class="battle-history">ReliantColey sent out Weezing (<strong>Weezing-Galar</strong>)!<br></div><div class="spacer battle-history"><br></div><div class="battle-history">Urshifu used <strong>Iron Head</strong>!<br></div><div class="battle-history"><small>It's super effective!</small><br></div><div class="battle-history"><small>(The opposing Weezing lost 38% of its health!)</small><br></div><div class="spacer battle-history"><br></div><h2 class="battle-history">Turn 25</h2><div class="spacer battle-history"><br></div><div class="battle-history">Urshifu used <strong>U-turn</strong>!<br></div><div class="battle-history"><small>It's not very effective...</small><br></div><div class="battle-history"><small>A critical hit!</small><br></div><div class="battle-history"><small>(The opposing Weezing lost 5% of its health!)</small><br></div><div class="spacer battle-history"><br></div><div class="battle-history">Urshifu went back to ChillerFrost!<br></div><div class="battle-history">Go! Tornadus (<strong>Tornadus-Therian</strong>)!<br></div><div class="spacer battle-history"><br></div><div class="battle-history">The opposing Weezing used <strong>Will-O-Wisp</strong>!<br></div><div class="battle-history"><small>Tornadus avoided the attack!</small><br></div><div class="spacer battle-history"><br></div><h2 class="battle-history">Turn 26</h2><div class="spacer battle-history"><br></div><div class="battle-history">Tornadus used <strong>Bleakwind Storm</strong>!<br></div><div class="battle-history"><small>(The opposing Weezing lost 51% of its health!)</small><br></div><div class="spacer battle-history"><br></div><div class="battle-history">The opposing Weezing used <strong>Pain Split</strong>!<br></div><div class="battle-history"><small>The battlers shared their pain!</small><br></div><div class="spacer battle-history"><br></div><h2 class="battle-history">Turn 27</h2><div class="chat"><small> Crown Oji joined</small></div><div class="spacer battle-history"><br></div><div class="battle-history">ReliantColey withdrew Weezing!<br></div><div class="battle-history">ReliantColey sent out Latias (<strong>Latias-Mega</strong>)!<br></div><div class="spacer battle-history"><br></div><div class="battle-history">Tornadus used <strong>Bleakwind Storm</strong>!<br></div><div class="battle-history"><small>(The opposing Latias lost 27% of its health!)</small><br></div><div class="battle-history"><small>The opposing Latias's Speed fell!</small><br></div><div class="spacer battle-history"><br></div><h2 class="battle-history">Turn 28</h2><div class="spacer battle-history"><br></div><div class="battle-history">Tornadus used <strong>U-turn</strong>!<br></div><div class="battle-history"><small>It's super effective!</small><br></div><div class="battle-history"><small>(The opposing Latias lost 24% of its health!)</small><br></div><div class="spacer battle-history"><br></div><div class="battle-history">Tornadus went back to ChillerFrost!<br></div><div class="battle-history">Go! <strong>Alomomola</strong>!<br></div><div class="spacer battle-history"><br></div><div class="battle-history">The opposing Latias used <strong>Healing Wish</strong>!<br></div><div class="spacer battle-history"><br></div><div class="battle-history">The opposing Latias fainted!<br></div><div class="chat chatmessage-chillerfrost"><strong style="color:#2aaa9b"><small>☆</small><span class="username" data-name="ChillerFrost">ChillerFrost</span>:</strong> <em>gotta say</em></div><div class="chat chatmessage-chillerfrost"><strong style="color:#2aaa9b"><small>☆</small><span class="username" data-name="ChillerFrost">ChillerFrost</span>:</strong> <em>did not prep for healing with mega latias</em></div><div class="spacer battle-history"><br></div><div class="battle-history">ReliantColey sent out <strong>Vikavolt</strong>!<br></div><div class="spacer battle-history"><br></div><h2 class="battle-history">Turn 29</h2><div class="chat chatmessage-bunnnies"><strong style="color:#8a36e4"><small> </small><span class="username" data-name="Bunnnies">Bunnnies</span>:</strong> <em>we did that in the season we had it I think</em></div><div class="spacer battle-history"><br></div><div class="battle-history">Alomomola used <strong>Flip Turn</strong>!<br></div><div class="battle-history"><small>(The opposing Vikavolt lost 17% of its health!)</small><br></div><div class="spacer battle-history"><br></div><div class="battle-history">Alomomola went back to ChillerFrost!<br></div><div class="battle-history">Go! <strong>Latios</strong>!<br></div><div class="spacer battle-history"><br></div><div class="battle-history">The opposing Vikavolt used <strong>Volt Switch</strong>!<br></div><div class="battle-history"><small>It's not very effective...</small><br></div><div class="battle-history"><small>(Latios lost 23% of its health!)</small><br></div><div class="spacer battle-history"><br></div><div class="battle-history">The opposing Vikavolt went back to ReliantColey!<br></div><div class="battle-history">ReliantColey sent out Zarude (<strong>Zarude-Dada</strong>)!<br></div><div class="battle-history"><small>The opposing Zarude was hurt by the spikes!</small><br></div><div class="spacer battle-history"><br></div><div class="battle-history"><small>The opposing Zarude restored a little HP using its Leftovers!</small><br></div><div class="spacer battle-history"><br></div><h2 class="battle-history">Turn 30</h2><div class="spacer battle-history"><br></div><div class="battle-history">Latios, come back!<br></div><div class="battle-history">Go! <strong>Urshifu</strong>!<br></div><div class="spacer battle-history"><br></div><div class="battle-history">The opposing Zarude used <strong>Knock Off</strong>!<br></div><div class="battle-history"><small>It's not very effective...</small><br></div><div class="battle-history"><small>(Urshifu lost 9% of its health!)</small><br></div><div class="spacer battle-history"><br></div><div class="battle-history"><small>The opposing Zarude restored a little HP using its Leftovers!</small><br></div><div class="spacer battle-history"><br></div><h2 class="battle-history">Turn 31</h2><div class="spacer battle-history"><br></div><div class="battle-history">The opposing Zarude used <strong>Synthesis</strong>!<br></div><div class="battle-history"><small>The opposing Zarude had its HP restored.</small><br></div><div class="spacer battle-history"><br></div><div class="battle-history">Urshifu used <strong>Iron Head</strong>!<br></div><div class="battle-history"><small>It's super effective!</small><br></div><div class="battle-history"><small>(The opposing Zarude lost 50% of its health!)</small><br></div><div class="spacer battle-history"><br></div><div class="battle-history"><small>The opposing Zarude restored a little HP using its Leftovers!</small><br></div><div class="spacer battle-history"><br></div><h2 class="battle-history">Turn 32</h2><div class="spacer battle-history"><br></div><div class="battle-history">The opposing Zarude used <strong>Synthesis</strong>!<br></div><div class="battle-history"><small>The opposing Zarude had its HP restored.</small><br></div><div class="spacer battle-history"><br></div><div class="battle-history">Urshifu used <strong>Iron Head</strong>!<br></div><div class="battle-history"><small>It's super effective!</small><br></div><div class="battle-history"><small>(The opposing Zarude lost 47% of its health!)</small><br></div><div class="spacer battle-history"><br></div><div class="battle-history"><small>The opposing Zarude restored a little HP using its Leftovers!</small><br></div><div class="spacer battle-history"><br></div><h2 class="battle-history">Turn 33</h2><div class="spacer battle-history"><br></div><div class="battle-history">The opposing Zarude used <strong>Synthesis</strong>!<br></div><div class="battle-history"><small>The opposing Zarude had its HP restored.</small><br></div><div class="spacer battle-history"><br></div><div class="battle-history">Urshifu used <strong>Iron Head</strong>!<br></div><div class="battle-history"><small>It's super effective!</small><br></div><div class="battle-history"><small>(The opposing Zarude lost 53% of its health!)</small><br></div><div class="spacer battle-history"><br></div><div class="battle-history"><small>The opposing Zarude restored a little HP using its Leftovers!</small><br></div><div class="spacer battle-history"><br></div><h2 class="battle-history">Turn 34</h2><div class="spacer battle-history"><br></div><div class="battle-history">The opposing Zarude used <strong>Swords Dance</strong>!<br></div><div class="battle-history"><small>The opposing Zarude's Attack rose sharply!</small><br></div><div class="spacer battle-history"><br></div><div class="battle-history">Urshifu used <strong>Iron Head</strong>!<br></div><div class="battle-history"><small>It's super effective!</small><br></div><div class="battle-history"><small>(The opposing Zarude lost 53% of its health!)</small><br></div><div class="spacer battle-history"><br></div><div class="battle-history">The opposing Zarude fainted!<br></div><div class="spacer battle-history"><br></div><div class="battle-history">ReliantColey sent out Weezing (<strong>Weezing-Galar</strong>)!<br></div><div class="battle-history"><small>The healing wish came true for the opposing Weezing!</small><br></div><div class="spacer battle-history"><br></div><h2 class="battle-history">Turn 35</h2><div class="spacer battle-history"><br></div><div class="battle-history">Urshifu used <strong>U-turn</strong>!<br></div><div class="battle-history"><small>It's not very effective...</small><br></div><div class="battle-history"><small>(The opposing Weezing lost 3% of its health!)</small><br></div><div class="spacer battle-history"><br></div><div class="battle-history">Urshifu went back to ChillerFrost!<br></div><div class="battle-history">Go! Tornadus (<strong>Tornadus-Therian</strong>)!<br></div><div class="spacer battle-history"><br></div><div class="battle-history">The opposing Weezing used <strong>Will-O-Wisp</strong>!<br></div><div class="battle-history"><small>Tornadus was burned!</small><br></div><div class="spacer battle-history"><br></div><div class="battle-history"><small>Tornadus was hurt by its burn!</small><br></div><div class="spacer battle-history"><br></div><h2 class="battle-history">Turn 36</h2><div class="spacer battle-history"><br></div><div class="battle-history">Tornadus used <strong>Bleakwind Storm</strong>!<br></div><div class="battle-history"><small>The opposing Weezing avoided the attack!</small><br></div><div class="spacer battle-history"><br></div><div class="battle-history">The opposing Weezing used <strong>Strange Steam</strong>!<br></div><div class="battle-history"><small>(Tornadus lost 27% of its health!)</small><br></div><div class="spacer battle-history"><br></div><div class="battle-history"><small>Tornadus was hurt by its burn!</small><br></div><div class="spacer battle-history"><br></div><h2 class="battle-history">Turn 37</h2><div class="spacer battle-history"><br></div><div class="battle-history">Tornadus used <strong>U-turn</strong>!<br></div><div class="battle-history"><small>It's not very effective...</small><br></div><div class="battle-history"><small>(The opposing Weezing lost 2% of its health!)</small><br></div><div class="spacer battle-history"><br></div><div class="battle-history">Tornadus went back to ChillerFrost!<br></div><div class="battle-history">Go! <strong>Alomomola</strong>!<br></div><div class="spacer battle-history"><br></div><div class="battle-history">The opposing Weezing used <strong>Sludge Bomb</strong>!<br></div><div class="battle-history"><small>(Alomomola lost 35% of its health!)</small><br></div><div class="spacer battle-history"><br></div><h2 class="battle-history">Turn 38</h2><div class="spacer battle-history"><br></div><div class="battle-history">ReliantColey withdrew Weezing!<br></div><div class="battle-history">ReliantColey sent out <strong>Vikavolt</strong>!<br></div><div class="spacer battle-history"><br></div><div class="battle-history">Alomomola used <strong>Wish</strong>!<br></div><div class="spacer battle-history"><br></div><h2 class="battle-history">Turn 39</h2><div class="spacer battle-history"><br></div><div class="battle-history">Alomomola used <strong>Knock Off</strong>!<br></div><div class="battle-history"><small>(The opposing Vikavolt lost 19% of its health!)</small><br></div><div class="battle-history"><small>Alomomola knocked off the opposing Vikavolt's Heavy-Duty Boots!</small><br></div><div class="spacer battle-history"><br></div><div class="battle-history">The opposing Vikavolt used <strong>Bug Buzz</strong>!<br></div><div class="battle-history"><small>(Alomomola lost 65% of its health!)</small><br></div><div class="spacer battle-history"><br></div><div class="battle-history">Alomomola fainted!<br></div><div class="spacer battle-history"><br></div><div class="battle-history">Go! <strong>Latios</strong>!<br></div><div class="spacer battle-history"><br></div><h2 class="battle-history">Turn 40</h2><div class="spacer battle-history"><br></div><div class="battle-history">Latios used <strong>Luster Purge</strong>!<br></div><div class="battle-history"><small>(The opposing Vikavolt lost 64% of its health!)</small><br></div><div class="spacer battle-history"><br></div><div class="battle-history">The opposing Vikavolt fainted!<br></div><div class="spacer battle-history"><br></div><div class="battle-history">ReliantColey sent out <strong>Mimikyu</strong>!<br></div><div class="battle-history"><small>The opposing Mimikyu was hurt by the spikes!</small><br></div><div class="spacer battle-history"><br></div><h2 class="battle-history">Turn 41</h2><div class="spacer battle-history"><br></div><div class="battle-history">Latios, come back!<br></div><div class="battle-history">Go! Tornadus (<strong>Tornadus-Therian</strong>)!<br></div><div class="spacer battle-history"><br></div><div class="battle-history">The opposing Mimikyu used <strong>Trick Room</strong>!<br></div><div class="battle-history"><small>The opposing Mimikyu twisted the dimensions!</small><br></div><div class="spacer battle-history"><br></div><div class="battle-history"><small>Tornadus was hurt by its burn!</small><br></div><div class="spacer battle-history"><br></div><h2 class="battle-history">Turn 42</h2><div class="spacer battle-history"><br></div><div class="battle-history">The opposing Mimikyu used <strong>Play Rough</strong>!<br></div><div class="battle-history"><small>(Tornadus lost 43% of its health!)</small><br></div><div class="spacer battle-history"><br></div><div class="battle-history">Tornadus used <strong>Knock Off</strong>!<br></div><div class="battle-history">[The opposing Mimikyu's Disguise]<br><small>Its disguise served it as a decoy!</small><br></div><div class="battle-history"><small>(The opposing Mimikyu lost 0% of its health!)</small><br></div><div class="battle-history"><small>Tornadus knocked off the opposing Mimikyu's Custap Berry!</small><br></div><div class="battle-history">The opposing Mimikyu's disguise was busted!<br></div><div class="battle-history"><small>(The opposing Mimikyu was hurt!)</small><br></div><div class="spacer battle-history"><br></div><div class="battle-history"><small>Tornadus was hurt by its burn!</small><br></div><div class="spacer battle-history"><br></div><h2 class="battle-history">Turn 43</h2><div class="spacer battle-history"><br></div><div class="battle-history">Tornadus, come back!<br></div><div class="battle-history">Go! <strong>Urshifu</strong>!<br></div><div class="spacer battle-history"><br></div><div class="battle-history">The opposing Mimikyu used <strong>Play Rough</strong>!<br></div><div class="battle-history"><small>It's super effective!</small><br></div><div class="battle-history"><small>(Urshifu lost 59% of its health!)</small><br></div><div class="spacer battle-history"><br></div><div class="battle-history">Urshifu fainted!<br></div><div class="spacer battle-history"><br></div><div class="battle-history">Go! Tornadus (<strong>Tornadus-Therian</strong>)!<br></div><div class="spacer battle-history"><br></div><h2 class="battle-history">Turn 44</h2><div class="spacer battle-history"><br></div><div class="battle-history">The opposing Mimikyu used <strong>Play Rough</strong>!<br></div><div class="battle-history"><small>(Tornadus lost 37% of its health!)</small><br></div><div class="spacer battle-history"><br></div><div class="battle-history">Tornadus fainted!<br></div><div class="spacer battle-history"><br></div><div class="battle-history">Go! <strong>Latios</strong>!<br></div><div class="spacer battle-history"><br></div><h2 class="battle-history">Turn 45</h2><div class="spacer battle-history"><br></div><div class="battle-history">The opposing Mimikyu used <strong>Destiny Bond</strong>!<br></div><div class="battle-history"><small>The opposing Mimikyu is hoping to take its attacker down with it!</small><br></div><div class="spacer battle-history"><br></div><div class="battle-history">Latios used <strong>Luster Purge</strong>!<br></div><div class="battle-history"><small>(The opposing Mimikyu lost 65% of its health!)</small><br></div><div class="battle-history"><small>The opposing Mimikyu's Sp. Def fell!</small><br></div><div class="spacer battle-history"><br></div><div class="battle-history"><small>The twisted dimensions returned to normal!</small><br></div><div class="spacer battle-history"><br></div><h2 class="battle-history">Turn 46</h2><div class="chat chatmessage-chillerfrost"><strong style="color:#2aaa9b"><small>☆</small><span class="username" data-name="ChillerFrost">ChillerFrost</span>:</strong> <em>oh wow</em></div><div class="spacer battle-history"><br></div><div class="battle-history">Latios used <strong>Draco Meteor</strong>!<br></div><div class="battle-history"><small>It doesn't affect the opposing Mimikyu...</small><br></div><div class="spacer battle-history"><br></div><div class="battle-history">The opposing Mimikyu used <strong>Play Rough</strong>!<br></div><div class="battle-history"><small>It's super effective!</small><br></div><div class="battle-history"><small>(Latios lost 77% of its health!)</small><br></div><div class="spacer battle-history"><br></div><div class="battle-history">Latios fainted!<br></div><div class="spacer battle-history"><br></div><div class="battle-history"><strong>ReliantColey</strong> won the battle!<br></div><div class="chat chatmessage-reliantcoley"><strong style="color:#9727e7"><small>☆</small><span class="username" data-name="ReliantColey">ReliantColey</span>:</strong> <em>gg</em></div><div class="chat chatmessage-chillerfrost"><strong style="color:#2aaa9b"><small>☆</small><span class="username" data-name="ChillerFrost">ChillerFrost</span>:</strong> <em>gg</em></div><div class="chat chatmessage-reliantcoley"><strong style="color:#9727e7"><small>☆</small><span class="username" data-name="ReliantColey">ReliantColey</span>:</strong> <em>weird team ftw</em></div><div class="chat chatmessage-therealmuney"><strong style="color:#ca1d79"><small> </small><span class="username" data-name="TheRealMuney">TheRealMuney</span>:</strong> <em>w destiny bond strat</em></div><div class="chat chatmessage-chillerfrost"><strong style="color:#2aaa9b"><small>☆</small><span class="username" data-name="ChillerFrost">ChillerFrost</span>:</strong> <em>that dbond was funny</em></div><div class="chat chatmessage-chillerfrost"><strong style="color:#2aaa9b"><small>☆</small><span class="username" data-name="ChillerFrost">ChillerFrost</span>:</strong> <em>yeah i did not expect that</em></div><div class="chat chatmessage-chillerfrost"><strong style="color:#2aaa9b"><small>☆</small><span class="username" data-name="ChillerFrost">ChillerFrost</span>:</strong> <em>at all</em></div><div class="chat"><small> TheRealMuney left</small></div><div class="chat chatmessage-reliantcoley"><strong style="color:#9727e7"><small>☆</small><span class="username" data-name="ReliantColey">ReliantColey</span>:</strong> <em>i didnt get to use choice band hands :(</em></div><div class="chat chatmessage-chillerfrost"><strong style="color:#2aaa9b"><small>☆</small><span class="username" data-name="ChillerFrost">ChillerFrost</span>:</strong> <em>if you missed there</em></div><div class="chat chatmessage-chillerfrost"><strong style="color:#2aaa9b"><small>☆</small><span class="username" data-name="ChillerFrost">ChillerFrost</span>:</strong> <em>:(</em></div><div class="chat chatmessage-reliantcoley"><strong style="color:#9727e7"><small>☆</small><span class="username" data-name="ReliantColey">ReliantColey</span>:</strong> <em>yeah it was over</em></div><div class="chat chatmessage-chillerfrost"><strong style="color:#2aaa9b"><small>☆</small><span class="username" data-name="ChillerFrost">ChillerFrost</span>:</strong> <em>i think without trick room i might win?</em></div><div class="chat chatmessage-reliantcoley"><strong style="color:#9727e7"><small>☆</small><span class="username" data-name="ReliantColey">ReliantColey</span>:</strong> <em>probably</em></div><div class="chat chatmessage-reliantcoley"><strong style="color:#9727e7"><small>☆</small><span class="username" data-name="ReliantColey">ReliantColey</span>:</strong> <em>i almost brough psychic berry hands</em></div><div class="chat"><small> imred65 left</small></div><div class="chat chatmessage-reliantcoley"><strong style="color:#9727e7"><small>☆</small><span class="username" data-name="ReliantColey">ReliantColey</span>:</strong> <em>knocking off the custap was probably the biggest move</em></div><div class="chat chatmessage-reliantcoley"><strong style="color:#9727e7"><small>☆</small><span class="username" data-name="ReliantColey">ReliantColey</span>:</strong> <em>i had endure to get tr back up or kill something with dbond</em></div><div class="chat chatmessage-chillerfrost"><strong style="color:#2aaa9b"><small>☆</small><span class="username" data-name="ChillerFrost">ChillerFrost</span>:</strong> <em>i should have killed torn instead of alo</em></div><div class="chat chatmessage-reliantcoley"><strong style="color:#9727e7"><small>☆</small><span class="username" data-name="ReliantColey">ReliantColey</span>:</strong> <em>hmm yeah</em></div><div class="chat chatmessage-chillerfrost"><strong style="color:#2aaa9b"><small>☆</small><span class="username" data-name="ChillerFrost">ChillerFrost</span>:</strong> <em>so last move was endure?</em></div><div class="chat chatmessage-reliantcoley"><strong style="color:#9727e7"><small>☆</small><span class="username" data-name="ReliantColey">ReliantColey</span>:</strong> <em>yeah</em></div><div class="chat chatmessage-chillerfrost"><strong style="color:#2aaa9b"><small>☆</small><span class="username" data-name="ChillerFrost">ChillerFrost</span>:</strong> <em>yeah endure + custap is basically shadow sneak</em></div><div class="chat chatmessage-chillerfrost"><strong style="color:#2aaa9b"><small>☆</small><span class="username" data-name="ChillerFrost">ChillerFrost</span>:</strong> <em>i had assumed shadow sneak was the play</em></div><div class="chat chatmessage-reliantcoley"><strong style="color:#9727e7"><small>☆</small><span class="username" data-name="ReliantColey">ReliantColey</span>:</strong> <em>fair assumption</em></div><div class="chat chatmessage-chillerfrost"><strong style="color:#2aaa9b"><small>☆</small><span class="username" data-name="ChillerFrost">ChillerFrost</span>:</strong> <em>i should have known with the custap</em></div></div><div class="inner-preempt message-log"></div></div></div>
</div>
<script>
let daily = Math.floor(Date.now()/1000/60/60/24);document.write('<script src="https://play.pokemonshowdown.com/js/replay-embed.js?version'+daily+'"></'+'script>');
</script>
