<!DOCTYPE html>
<meta charset="utf-8" />
<!-- version 1 -->
<title>[Gen 9] NatDex Draft replay: phantom0rion vs. ultair</title>
<style>
html,body {font-family:Verdana, sans-serif;font-size:10pt;margin:0;padding:0;}body{padding:12px 0;} .battle-log {font-family:Verdana, sans-serif;font-size:10pt;} .battle-log-inline {border:1px solid #AAAAAA;background:#EEF2F5;color:black;max-width:640px;margin:0 auto 80px;padding-bottom:5px;} .battle-log .inner {padding:4px 8px 0px 8px;} .battle-log .inner-preempt {padding:0 8px 4px 8px;} .battle-log .inner-after {margin-top:0.5em;} .battle-log h2 {margin:0.5em -8px;padding:4px 8px;border:1px solid #AAAAAA;background:#E0E7EA;border-left:0;border-right:0;font-family:Verdana, sans-serif;font-size:13pt;} .battle-log .chat {vertical-align:middle;padding:3px 0 3px 0;font-size:8pt;} .battle-log .chat strong {color:#40576A;} .battle-log .chat em {padding:1px 4px 1px 3px;color:#000000;font-style:normal;} .chat.mine {background:rgba(0,0,0,0.05);margin-left:-8px;margin-right:-8px;padding-left:8px;padding-right:8px;} .spoiler {color:#BBBBBB;background:#BBBBBB;padding:0px 3px;} .spoiler:hover, .spoiler:active, .spoiler-shown {color:#000000;background:#E2E2E2;padding:0px 3px;} .spoiler a {color:#BBBBBB;} .spoiler:hover a, .spoiler:active a, .spoiler-shown a {color:#2288CC;} .chat code, .chat .spoiler:hover code, .chat .spoiler:active code, .chat .spoiler-shown code {border:1px solid #C0C0C0;background:#EEEEEE;color:black;padding:0 2px;} .chat .spoiler code {border:1px solid #CCCCCC;background:#CCCCCC;color:#CCCCCC;} .battle-log .rated {padding:3px 4px;} .battle-log .rated strong {color:white;background:#89A;padding:1px 4px;border-radius:4px;} .spacer {margin-top:0.5em;} .message-announce {background:#6688AA;color:white;padding:1px 4px 2px;} .message-announce a, .broadcast-green a, .broadcast-blue a, .broadcast-red a {color:#DDEEFF;} .broadcast-green {background-color:#559955;color:white;padding:2px 4px;} .broadcast-blue {background-color:#6688AA;color:white;padding:2px 4px;} .infobox {border:1px solid #6688AA;padding:2px 4px;} .infobox-limited {max-height:200px;overflow:auto;overflow-x:hidden;} .broadcast-red {background-color:#AA5544;color:white;padding:2px 4px;} .message-learn-canlearn {font-weight:bold;color:#228822;text-decoration:underline;} .message-learn-cannotlearn {font-weight:bold;color:#CC2222;text-decoration:underline;} .message-effect-weak {font-weight:bold;color:#CC2222;} .message-effect-resist {font-weight:bold;color:#6688AA;} .message-effect-immune {font-weight:bold;color:#666666;} .message-learn-list {margin-top:0;margin-bottom:0;} .message-throttle-notice, .message-error {color:#992222;} .message-overflow, .chat small.message-overflow {font-size:0pt;} .message-overflow::before {font-size:9pt;content:'...';} .subtle {color:#3A4A66;}
</style>
<div class="wrapper replay-wrapper" style="max-width:1180px;margin:0 auto">
<input type="hidden" name="replayid" value="gen9natdexdraft-2447242828" />
<div class="battle"></div><div class="battle-log"></div><div class="replay-controls"></div><div class="replay-controls-2"></div>
<h1 style="font-weight:normal;text-align:center"><strong>[Gen 9] NatDex Draft</strong><br /><a href="http://pokemonshowdown.com/users/phantom0rion" class="subtle" target="_blank">phantom0rion</a> vs. <a href="http://pokemonshowdown.com/users/ultair" class="subtle" target="_blank">ultair</a></h1>
<script type="text/plain" class="battle-log-data">
|j|☆phantom0rion
|j|☆ultair
|t:|1758582476
|gametype|singles
|player|p1|phantom0rion|palmer|
|player|p2|ultair|ryuki|
|gen|9
|tier|[Gen 9] NatDex Draft
|rule|Tera Type Preview: Tera Types are shown at Team Preview
|rule|Sleep Clause Mod: Limit one foe put to sleep
|rule|OHKO Clause: OHKO moves are banned
|rule|Evasion Clause: Evasion abilities, items, and moves are banned
|rule|Evasion Abilities Clause: Evasion abilities are banned
|rule|Evasion Items Clause: Evasion items are banned
|rule|Evasion Moves Clause: Evasion moves are banned
|rule|Endless Battle Clause: Forcing endless battles is banned
|rule|HP Percentage Mod: HP is shown in percentages
|raw|<div class="infobox"><details class="readmore" open><summary><strong>1 custom rule:<\/strong><\/summary> Tera Type Preview<\/details><\/div>
|clearpoke
|poke|p1|Terapagos, M|
|poke|p1|Mesprit|
|poke|p1|Magearna|
|poke|p1|Reshiram|
|poke|p1|Regirock|
|poke|p1|Ogerpon-Wellspring, F|
|poke|p2|Blaziken, F|
|poke|p2|Flutter Mane|
|poke|p2|Weezing, M|
|poke|p2|Diancie|
|poke|p2|Landorus-Therian, M|
|poke|p2|Shaymin|
|raw|phantom0rion's Tera Types:<br \/><psicon pokemon="terapagos" \/><psicon type="Stellar" \/> \/ <psicon pokemon="mesprit" \/><psicon type="Psychic" \/> \/ <psicon pokemon="magearna" \/><psicon type="Steel" \/> \/ <psicon pokemon="reshiram" \/><psicon type="Dragon" \/> \/ <psicon pokemon="regirock" \/><psicon type="Poison" \/> \/ <psicon pokemon="ogerponwellspring" \/><psicon type="Water" \/>
|raw|ultair's Tera Types:<br \/><psicon pokemon="blaziken" \/><psicon type="Fire" \/> \/ <psicon pokemon="fluttermane" \/><psicon type="Ghost" \/> \/ <psicon pokemon="weezing" \/><psicon type="Poison" \/> \/ <psicon pokemon="diancie" \/><psicon type="Rock" \/> \/ <psicon pokemon="landorustherian" \/><psicon type="Fighting" \/> \/ <psicon pokemon="shaymin" \/><psicon type="Grass" \/>
|teampreview
|inactive|Battle timer is ON: inactive players will automatically lose when time's up. (requested by phantom0rion)
|inactiveoff|Battle timer is now OFF.
|j| Ocarina919
|j| Conundromic
|j| ChillerFrost
|j| kaui
|j| doctashockfan
|j| daotxtoad
|c|☆phantom0rion|glhf
|
|t:|1758582594
|teamsize|p1|6
|teamsize|p2|6
|start
|switch|p1a: just a girl|Ogerpon-Wellspring, F|100\/100
|switch|p2a: Diancie|Diancie|100\/100
|turn|1
|c|☆ultair|u2
|l| kaui
|
|t:|1758582617
|switch|p2a: Shaymin|Shaymin|100\/100
|move|p1a: just a girl|Spikes|p2a: Shaymin
|-sidestart|p2: ultair|Spikes
|
|upkeep
|turn|2
|c|☆ultair|!servertime
|c| ultair|\/raw <div class="infobox">Server time: <b>9\/22\/2025, 11:10:22 PM<\/b><\/div>
|j| kaui
|
|t:|1758582627
|move|p1a: just a girl|U-turn|p2a: Shaymin
|-supereffective|p2a: Shaymin
|-damage|p2a: Shaymin|65\/100
|-damage|p1a: just a girl|84\/100|[from] item: Rocky Helmet|[of] p2a: Shaymin
|
|t:|1758582643
|switch|p1a: also just a girl|Mesprit|100\/100|[from] U-turn
|move|p2a: Shaymin|Seed Flare|p1a: also just a girl
|-damage|p1a: also just a girl|75\/100
|
|-heal|p1a: also just a girl|81\/100|[from] item: Leftovers
|upkeep
|turn|3
|
|t:|1758582687
|move|p2a: Shaymin|Baton Pass|p2a: Shaymin
|
|t:|1758582689
|switch|p2a: Diancie|Diancie|100\/100|[from] Baton Pass
|-damage|p2a: Diancie|88\/100|[from] Spikes
|move|p1a: also just a girl|Knock Off|p2a: Diancie
|-resisted|p2a: Diancie
|-damage|p2a: Diancie|80\/100
|-enditem|p2a: Diancie|Leftovers|[from] move: Knock Off|[of] p1a: also just a girl
|
|-heal|p1a: also just a girl|87\/100|[from] item: Leftovers
|upkeep
|turn|4
|j| Doctashock
|
|t:|1758582707
|move|p1a: also just a girl|Toxic|p2a: Diancie
|-status|p2a: Diancie|tox
|move|p2a: Diancie|Stealth Rock|p1a: also just a girl
|-sidestart|p1: phantom0rion|move: Stealth Rock
|
|-heal|p1a: also just a girl|93\/100|[from] item: Leftovers
|-damage|p2a: Diancie|74\/100 tox|[from] psn
|upkeep
|turn|5
|j| serendipidu
|
|t:|1758582758
|switch|p1a: just a turtle|Terapagos, M|100\/100
|-activate|p1a: just a turtle|ability: Tera Shift
|detailschange|p1a: just a turtle|Terapagos-Terastal, M
|-heal|p1a: just a turtle|100\/100|[silent]
|-damage|p1a: just a turtle|88\/100|[from] Stealth Rock
|move|p2a: Diancie|Moonblast|p1a: just a turtle
|-damage|p1a: just a turtle|70\/100
|
|-heal|p1a: just a turtle|76\/100|[from] item: Leftovers
|-damage|p2a: Diancie|62\/100 tox|[from] psn
|upkeep
|turn|6
|
|t:|1758582779
|move|p1a: just a turtle|Flash Cannon|p2a: Diancie
|-supereffective|p2a: Diancie
|-damage|p2a: Diancie|11\/100 tox
|move|p2a: Diancie|Body Press|p1a: just a turtle
|-supereffective|p1a: just a turtle
|-damage|p1a: just a turtle|34\/100
|
|-heal|p1a: just a turtle|40\/100|[from] item: Leftovers
|-damage|p2a: Diancie|0 fnt|[from] psn
|faint|p2a: Diancie
|upkeep
|
|t:|1758582793
|switch|p2a: Blaziken|Blaziken, F|100\/100
|-damage|p2a: Blaziken|88\/100|[from] Spikes
|turn|7
|
|t:|1758582941
|detailschange|p2a: Blaziken|Blaziken-Mega, F
|-mega|p2a: Blaziken|Blaziken|Blazikenite
|move|p2a: Blaziken|Close Combat|p1a: just a turtle
|-supereffective|p1a: just a turtle
|-damage|p1a: just a turtle|0 fnt
|-unboost|p2a: Blaziken|def|1
|-unboost|p2a: Blaziken|spd|1
|faint|p1a: just a turtle
|
|-ability|p2a: Blaziken|Speed Boost|boost
|-boost|p2a: Blaziken|spe|1
|upkeep
|
|t:|1758582946
|switch|p1a: just a rock|Regirock|100\/100
|-damage|p1a: just a rock|88\/100|[from] Stealth Rock
|turn|8
|
|t:|1758582970
|-terastallize|p1a: just a rock|Poison
|move|p2a: Blaziken|U-turn|p1a: just a rock
|-resisted|p1a: just a rock
|-damage|p1a: just a rock|82\/100
|
|t:|1758582974
|switch|p2a: Landorus|Landorus-Therian, M|100\/100|[from] U-turn
|-ability|p2a: Landorus|Intimidate|boost
|-fail|p1a: just a rock|unboost|[from] ability: Clear Body|[of] p1a: just a rock
|move|p1a: just a rock|Toxic|p2a: Landorus
|-status|p2a: Landorus|tox
|
|-heal|p1a: just a rock|88\/100|[from] item: Leftovers
|-damage|p2a: Landorus|95\/100 tox|[from] psn
|upkeep
|turn|9
|
|t:|1758582988
|switch|p1a: just a girl|Ogerpon-Wellspring, F|84\/100
|-damage|p1a: just a girl|71\/100|[from] Stealth Rock
|move|p2a: Landorus|Stone Edge|p1a: just a girl
|-damage|p1a: just a girl|25\/100
|
|-damage|p2a: Landorus|83\/100 tox|[from] psn
|upkeep
|turn|10
|
|t:|1758583012
|switch|p2a: Shaymin|Shaymin|65\/100
|-damage|p2a: Shaymin|52\/100|[from] Spikes
|move|p1a: just a girl|Synthesis|p1a: just a girl
|-heal|p1a: just a girl|75\/100
|
|upkeep
|turn|11
|j| tomkeap
|
|t:|1758583122
|switch|p1a: just a dog|Reshiram|100\/100
|-damage|p1a: just a dog|76\/100|[from] Stealth Rock
|-ability|p1a: just a dog|Turboblaze
|move|p2a: Shaymin|Synthesis|p2a: Shaymin
|-heal|p2a: Shaymin|100\/100
|
|upkeep
|turn|12
|j| ksch
|
|t:|1758583155
|switch|p2a: Weezing|Weezing, M|100\/100
|move|p1a: just a dog|Blue Flare|p2a: Weezing|[miss]
|-miss|p1a: just a dog|p2a: Weezing
|
|upkeep
|turn|13
|j| imred65
|
|t:|1758583241
|switch|p2a: Landorus|Landorus-Therian, M|83\/100 tox
|-ability|p2a: Landorus|Intimidate|boost
|-unboost|p1a: just a dog|atk|1
|move|p1a: just a dog|Blue Flare|p2a: Landorus
|-damage|p2a: Landorus|0 fnt
|faint|p2a: Landorus
|
|upkeep
|
|t:|1758583247
|switch|p2a: Blaziken|Blaziken-Mega, F|88\/100
|-damage|p2a: Blaziken|76\/100|[from] Spikes
|turn|14
|j| Ausxh
|l| kaui
|
|t:|1758583322
|switch|p1a: just a rock|Regirock, tera:Poison|88\/100
|-damage|p1a: just a rock|75\/100|[from] Stealth Rock
|move|p2a: Blaziken|Earthquake|p1a: just a rock
|-supereffective|p1a: just a rock
|-damage|p1a: just a rock|36\/100
|
|-heal|p1a: just a rock|42\/100|[from] item: Leftovers
|-ability|p2a: Blaziken|Speed Boost|boost
|-boost|p2a: Blaziken|spe|1
|upkeep
|turn|15
|j| elementalassasin
|
|t:|1758583366
|move|p2a: Blaziken|U-turn|p1a: just a rock
|-resisted|p1a: just a rock
|-damage|p1a: just a rock|36\/100
|
|t:|1758583378
|switch|p2a: Shaymin|Shaymin|100\/100|[from] U-turn
|-damage|p2a: Shaymin|88\/100|[from] Spikes
|move|p1a: just a rock|Earthquake|p2a: Shaymin
|-resisted|p2a: Shaymin
|-damage|p2a: Shaymin|82\/100
|
|-heal|p1a: just a rock|43\/100|[from] item: Leftovers
|upkeep
|turn|16
|j| foodss
|
|t:|1758583428
|switch|p1a: just a dog|Reshiram|76\/100
|-damage|p1a: just a dog|51\/100|[from] Stealth Rock
|-ability|p1a: just a dog|Turboblaze
|move|p2a: Shaymin|Earth Power|p1a: just a dog
|-supereffective|p1a: just a dog
|-enditem|p1a: just a dog|Shuca Berry|[eat]
|-enditem|p1a: just a dog|Shuca Berry|[weaken]
|-damage|p1a: just a dog|34\/100
|
|upkeep
|turn|17
|
|t:|1758583435
|switch|p2a: Weezing|Weezing, M|100\/100
|move|p1a: just a dog|Roost|p1a: just a dog
|-heal|p1a: just a dog|84\/100
|-singleturn|p1a: just a dog|move: Roost
|
|upkeep
|turn|18
|
|t:|1758583461
|move|p1a: just a dog|Blue Flare|p2a: Weezing
|-damage|p2a: Weezing|37\/100
|move|p2a: Weezing|Pain Split|p1a: just a dog
|-sethp|p1a: just a dog|60\/100|[from] move: Pain Split|[silent]
|-sethp|p2a: Weezing|62\/100|[from] move: Pain Split
|
|-heal|p2a: Weezing|68\/100|[from] item: Black Sludge
|upkeep
|turn|19
|
|t:|1758583559
|move|p1a: just a dog|Blue Flare|p2a: Weezing
|-damage|p2a: Weezing|4\/100
|move|p2a: Weezing|Toxic Spikes|p1a: just a dog
|-sidestart|p1: phantom0rion|move: Toxic Spikes
|
|-heal|p2a: Weezing|10\/100|[from] item: Black Sludge
|upkeep
|turn|20
|
|t:|1758583634
|move|p1a: just a dog|Blue Flare|p2a: Weezing|[miss]
|-miss|p1a: just a dog|p2a: Weezing
|move|p2a: Weezing|Pain Split|p1a: just a dog
|-sethp|p1a: just a dog|35\/100|[from] move: Pain Split|[silent]
|-sethp|p2a: Weezing|36\/100|[from] move: Pain Split
|
|-heal|p2a: Weezing|42\/100|[from] item: Black Sludge
|upkeep
|turn|21
|
|t:|1758583656
|move|p1a: just a dog|Roost|p1a: just a dog
|-heal|p1a: just a dog|85\/100
|-singleturn|p1a: just a dog|move: Roost
|move|p2a: Weezing|Toxic Spikes|p1a: just a dog
|-sidestart|p1: phantom0rion|move: Toxic Spikes
|
|-heal|p2a: Weezing|48\/100|[from] item: Black Sludge
|upkeep
|turn|22
|
|t:|1758583667
|move|p1a: just a dog|Blue Flare|p2a: Weezing
|-damage|p2a: Weezing|0 fnt
|faint|p2a: Weezing
|
|upkeep
|
|t:|1758583673
|switch|p2a: Flutter Mane|Flutter Mane|100\/100
|-damage|p2a: Flutter Mane|88\/100|[from] Spikes
|turn|23
|inactive|Battle timer is ON: inactive players will automatically lose when time's up. (requested by ultair)
|inactive|phantom0rion has 270 seconds left.
|
|t:|1758583725
|move|p2a: Flutter Mane|Moonblast|p1a: just a dog
|-damage|p1a: just a dog|42\/100
|move|p1a: just a dog|Blue Flare|p2a: Flutter Mane
|-damage|p2a: Flutter Mane|10\/100
|
|upkeep
|turn|24
|inactive|phantom0rion has 270 seconds left.
|j| kaui
|inactive|phantom0rion has 240 seconds left.
|
|t:|1758583768
|move|p2a: Flutter Mane|Moonblast|p1a: just a dog
|-damage|p1a: just a dog|0 fnt
|faint|p1a: just a dog
|
|upkeep
|inactive|phantom0rion has 240 seconds left.
|
|t:|1758583794
|switch|p1a: pretty fairy|Magearna|100\/100
|-damage|p1a: pretty fairy|95\/100|[from] Stealth Rock
|turn|25
|
|t:|1758583801
|move|p2a: Flutter Mane|Mystical Fire|p1a: pretty fairy
|-supereffective|p1a: pretty fairy
|-damage|p1a: pretty fairy|30\/100
|-unboost|p1a: pretty fairy|spa|1
|move|p1a: pretty fairy|Shift Gear|p1a: pretty fairy
|-boost|p1a: pretty fairy|spe|2
|-boost|p1a: pretty fairy|atk|1
|
|upkeep
|turn|26
|j| Bunnnies
|
|t:|1758583811
|move|p1a: pretty fairy|Stored Power|p2a: Flutter Mane
|-damage|p2a: Flutter Mane|0 fnt
|faint|p2a: Flutter Mane
|-ability|p1a: pretty fairy|Soul-Heart|boost
|-boost|p1a: pretty fairy|spa|1
|-end|p2a: Flutter Mane|Protosynthesis|[silent]
|
|upkeep
|
|t:|1758583814
|switch|p2a: Shaymin|Shaymin|82\/100
|-damage|p2a: Shaymin|69\/100|[from] Spikes
|turn|27
|inactive|phantom0rion has 240 seconds left.
|inactive|phantom0rion has 210 seconds left.
|j| Gym Leder Brawl
|
|t:|1758583861
|move|p1a: pretty fairy|Ice Beam|p2a: Shaymin
|-supereffective|p2a: Shaymin
|-damage|p2a: Shaymin|17\/100
|move|p2a: Shaymin|Earth Power|p1a: pretty fairy
|-supereffective|p1a: pretty fairy
|-enditem|p1a: pretty fairy|Shuca Berry|[eat]
|-enditem|p1a: pretty fairy|Shuca Berry|[weaken]
|-damage|p1a: pretty fairy|10\/100
|
|upkeep
|turn|28
|
|t:|1758583871
|move|p1a: pretty fairy|Ice Beam|p2a: Shaymin
|-supereffective|p2a: Shaymin
|-damage|p2a: Shaymin|0 fnt
|faint|p2a: Shaymin
|-ability|p1a: pretty fairy|Soul-Heart|boost
|-boost|p1a: pretty fairy|spa|1
|
|upkeep
|
|t:|1758583873
|switch|p2a: Blaziken|Blaziken-Mega, F|76\/100
|-damage|p2a: Blaziken|64\/100|[from] Spikes
|turn|29
|c|☆ultair|gg
|
|t:|1758583876
|move|p1a: pretty fairy|Stored Power|p2a: Blaziken
|-supereffective|p2a: Blaziken
|-damage|p2a: Blaziken|0 fnt
|faint|p2a: Blaziken
|detailschange|p2: Blaziken|Blaziken, F|[silent]
|
|win|phantom0rion
|c|☆phantom0rion|gg
|l| kaui
|c| serendipidu|gg
|c|☆ultair|thought fs you had earthpower
|l| elementalassasin
|c|☆ultair|awful playby me to go to lando in hindsight
|c|☆ultair|oh well lol
|l| ksch
|l| daotxtoad
|c|☆phantom0rion|earthpower on who
|c|☆ultair|resh
|c|☆ultair|for pex
|c| Doctashock|and weezing
|c| serendipidu|blue flare does giga damage to everything
|c|☆ultair|not pex no
|l| tomkeap
|l|☆ultair
|player|p2|
|c|☆phantom0rion|ggs blaze was a menace
|l| imred65
|l| Ausxh
|l| foodss

</script>
</div>
<div class="battle-log battle-log-inline"><div class="inner"><div class="battle-options"></div><div class="inner message-log"><div class="chat"><small>☆phantom0rion and ☆ultair joined</small></div><div class=""><small>Format:</small> <br><strong>[Gen 9] NatDex Draft</strong></div><div class=""><small><em>Tera Type Preview:</em> Tera Types are shown at Team Preview</small></div><div class=""><small><em>Sleep Clause Mod:</em> Limit one foe put to sleep</small></div><div class=""><small><em>OHKO Clause:</em> OHKO moves are banned</small></div><div class=""><small><em>Evasion Clause:</em> Evasion abilities, items, and moves are banned</small></div><div class=""><small><em>Evasion Abilities Clause:</em> Evasion abilities are banned</small></div><div class=""><small><em>Evasion Items Clause:</em> Evasion items are banned</small></div><div class=""><small><em>Evasion Moves Clause:</em> Evasion moves are banned</small></div><div class=""><small><em>Endless Battle Clause:</em> Forcing endless battles is banned</small></div><div class=""><small><em>HP Percentage Mod:</em> HP is shown in percentages</small></div><div class="chat"><div class="infobox"><details class="readmore" open=""><summary><strong>1 custom rule:</strong></summary> Tera Type Preview</details></div></div><div class="chat">phantom0rion's Tera Types:<br><span class="picon" style="background:transparent url(https://play.pokemonshowdown.com/sprites/pokemonicons-sheet.png?v19) no-repeat scroll -160px -2550px"></span><img src="https://play.pokemonshowdown.com/sprites/types/Stellar.png" alt="Stellar" height="14" width="32" class="pixelated"> / <span class="picon" style="background:transparent url(https://play.pokemonshowdown.com/sprites/pokemonicons-sheet.png?v19) no-repeat scroll -40px -1200px"></span><img src="https://play.pokemonshowdown.com/sprites/types/Psychic.png" alt="Psychic" height="14" width="32" class="pixelated"> / <span class="picon" style="background:transparent url(https://play.pokemonshowdown.com/sprites/pokemonicons-sheet.png?v19) no-repeat scroll -360px -1980px"></span><img src="https://play.pokemonshowdown.com/sprites/types/Steel.png" alt="Steel" height="14" width="32" class="pixelated"> / <span class="picon" style="background:transparent url(https://play.pokemonshowdown.com/sprites/pokemonicons-sheet.png?v19) no-repeat scroll -280px -1590px"></span><img src="https://play.pokemonshowdown.com/sprites/types/Dragon.png" alt="Dragon" height="14" width="32" class="pixelated"> / <span class="picon" style="background:transparent url(https://play.pokemonshowdown.com/sprites/pokemonicons-sheet.png?v19) no-repeat scroll -200px -930px"></span><img src="https://play.pokemonshowdown.com/sprites/types/Poison.png" alt="Poison" height="14" width="32" class="pixelated"> / <span class="picon" style="background:transparent url(https://play.pokemonshowdown.com/sprites/pokemonicons-sheet.png?v19) no-repeat scroll -40px -3180px"></span><img src="https://play.pokemonshowdown.com/sprites/types/Water.png" alt="Water" height="14" width="32" class="pixelated"></div><div class="chat">ultair's Tera Types:<br><span class="picon" style="background:transparent url(https://play.pokemonshowdown.com/sprites/pokemonicons-sheet.png?v19) no-repeat scroll -200px -630px"></span><img src="https://play.pokemonshowdown.com/sprites/types/Fire.png" alt="Fire" height="14" width="32" class="pixelated"> / <span class="picon" style="background:transparent url(https://play.pokemonshowdown.com/sprites/pokemonicons-sheet.png?v19) no-repeat scroll -120px -2460px"></span><img src="https://play.pokemonshowdown.com/sprites/types/Ghost.png" alt="Ghost" height="14" width="32" class="pixelated"> / <span class="picon" style="background:transparent url(https://play.pokemonshowdown.com/sprites/pokemonicons-sheet.png?v19) no-repeat scroll -80px -270px"></span><img src="https://play.pokemonshowdown.com/sprites/types/Poison.png" alt="Poison" height="14" width="32" class="pixelated"> / <span class="picon" style="background:transparent url(https://play.pokemonshowdown.com/sprites/pokemonicons-sheet.png?v19) no-repeat scroll -440px -1770px"></span><img src="https://play.pokemonshowdown.com/sprites/types/Rock.png" alt="Rock" height="14" width="32" class="pixelated"> / <span class="picon" style="background:transparent url(https://play.pokemonshowdown.com/sprites/pokemonicons-sheet.png?v19) no-repeat scroll -320px -2730px"></span><img src="https://play.pokemonshowdown.com/sprites/types/Fighting.png" alt="Fighting" height="14" width="32" class="pixelated"> / <span class="picon" style="background:transparent url(https://play.pokemonshowdown.com/sprites/pokemonicons-sheet.png?v19) no-repeat scroll -0px -1230px"></span><img src="https://play.pokemonshowdown.com/sprites/types/Grass.png" alt="Grass" height="14" width="32" class="pixelated"></div><div class="chat battle-history"><strong>phantom0rion's team:</strong> <em style="color:#445566;display:block;">Terapagos / Mesprit / Magearna / Reshiram / Regirock / Ogerpon-Wellspring</em></div><div class="chat battle-history"><strong>ultair's team:</strong> <em style="color:#445566;display:block;">Blaziken / Flutter Mane / Weezing / Diancie / Landorus-Therian / Shaymin</em></div><div class="chat message-error">Battle timer is ON: inactive players will automatically lose when time's up. (requested by phantom0rion)</div><div class="chat message-error">Battle timer is now OFF.</div><div class="chat"><small> Ocarina919,  Conundromic,  ChillerFrost,  kaui,  doctashockfan, and  daotxtoad joined</small></div><div class="chat chatmessage-phantom0rion"><strong style="color:#0aa74e"><small class="groupsymbol">☆</small><span class="username">phantom0rion</span>:</strong> <em>glhf</em></div><div class="spacer battle-history"><br></div><div class="battle-history">Battle started between phantom0rion and ultair!<br></div><div class="spacer battle-history"><br></div><div class="battle-history">Go! just a girl (<strong>Ogerpon-Wellspring</strong>)!<br></div><div class="spacer battle-history"><br></div><div class="battle-history">ultair sent out <strong>Diancie</strong>!<br></div><div class="spacer battle-history"><br></div><h2 class="battle-history">Turn 1</h2><div class="chat chatmessage-ultair"><strong style="color:#3a9240"><small class="groupsymbol">☆</small><span class="username">ultair</span>:</strong> <em>u2</em></div><div class="chat"><small> kaui left</small></div><div class="spacer battle-history"><br></div><div class="battle-history">ultair withdrew Diancie!<br></div><div class="battle-history">ultair sent out <strong>Shaymin</strong>!<br></div><div class="spacer battle-history"><br></div><div class="battle-history">just a girl used <strong>Spikes</strong>!<br></div><div class="battle-history"><small>Spikes were scattered on the ground all around the opposing team!</small><br></div><div class="spacer battle-history"><br></div><h2 class="battle-history">Turn 2</h2><div class="chat chatmessage-ultair"><strong style="color:#3a9240"><small class="groupsymbol">☆</small><span class="username">ultair</span>:</strong> <em>!servertime</em></div><div class="chat"><div class="infobox">Server time: <b>9/22/2025, 11:10:22 PM</b></div></div><div class="chat"><small> kaui joined</small></div><div class="spacer battle-history"><br></div><div class="battle-history">just a girl used <strong>U-turn</strong>!<br></div><div class="battle-history"><small>It's super effective!</small><br></div><div class="battle-history"><small>(The opposing Shaymin lost 35% of its health!)</small><br></div><div class="battle-history"><small>just a girl was hurt by the Rocky Helmet!</small><br></div><div class="spacer battle-history"><br></div><div class="battle-history">just a girl went back to phantom0rion!<br></div><div class="battle-history">Go! also just a girl (<strong>Mesprit</strong>)!<br></div><div class="spacer battle-history"><br></div><div class="battle-history">The opposing Shaymin used <strong>Seed Flare</strong>!<br></div><div class="battle-history"><small>(also just a girl lost 25% of its health!)</small><br></div><div class="spacer battle-history"><br></div><div class="battle-history"><small>also just a girl restored a little HP using its Leftovers!</small><br></div><div class="spacer battle-history"><br></div><h2 class="battle-history">Turn 3</h2><div class="spacer battle-history"><br></div><div class="battle-history">The opposing Shaymin used <strong>Baton Pass</strong>!<br></div><div class="spacer battle-history"><br></div><div class="battle-history">ultair sent out <strong>Diancie</strong>!<br></div><div class="battle-history"><small>The opposing Diancie was hurt by the spikes!</small><br></div><div class="spacer battle-history"><br></div><div class="battle-history">also just a girl used <strong>Knock Off</strong>!<br></div><div class="battle-history"><small>It's not very effective...</small><br></div><div class="battle-history"><small>(The opposing Diancie lost 8% of its health!)</small><br></div><div class="battle-history"><small>also just a girl knocked off the opposing Diancie's Leftovers!</small><br></div><div class="spacer battle-history"><br></div><div class="battle-history"><small>also just a girl restored a little HP using its Leftovers!</small><br></div><div class="spacer battle-history"><br></div><h2 class="battle-history">Turn 4</h2><div class="chat"><small> Doctashock joined</small></div><div class="spacer battle-history"><br></div><div class="battle-history">also just a girl used <strong>Toxic</strong>!<br></div><div class="battle-history"><small>The opposing Diancie was badly poisoned!</small><br></div><div class="spacer battle-history"><br></div><div class="battle-history">The opposing Diancie used <strong>Stealth Rock</strong>!<br></div><div class="battle-history"><small>Pointed stones float in the air around your team!</small><br></div><div class="spacer battle-history"><br></div><div class="battle-history"><small>also just a girl restored a little HP using its Leftovers!</small><br></div><div class="battle-history"><small>The opposing Diancie was hurt by poison!</small><br></div><div class="spacer battle-history"><br></div><h2 class="battle-history">Turn 5</h2><div class="chat"><small> serendipidu joined</small></div><div class="spacer battle-history"><br></div><div class="battle-history">also just a girl, come back!<br></div><div class="battle-history">Go! just a turtle (<strong>Terapagos</strong>)!<br></div><div class="battle-history">[just a turtle's Tera Shift]<br></div><div class="battle-history">just a turtle transformed!<br></div><div class="battle-history"><small>Pointed stones dug into just a turtle!</small><br></div><div class="spacer battle-history"><br></div><div class="battle-history">The opposing Diancie used <strong>Moonblast</strong>!<br></div><div class="battle-history"><small>(just a turtle lost 18% of its health!)</small><br></div><div class="spacer battle-history"><br></div><div class="battle-history"><small>just a turtle restored a little HP using its Leftovers!</small><br></div><div class="battle-history"><small>The opposing Diancie was hurt by poison!</small><br></div><div class="spacer battle-history"><br></div><h2 class="battle-history">Turn 6</h2><div class="spacer battle-history"><br></div><div class="battle-history">just a turtle used <strong>Flash Cannon</strong>!<br></div><div class="battle-history"><small>It's super effective!</small><br></div><div class="battle-history"><small>(The opposing Diancie lost 51% of its health!)</small><br></div><div class="spacer battle-history"><br></div><div class="battle-history">The opposing Diancie used <strong>Body Press</strong>!<br></div><div class="battle-history"><small>It's super effective!</small><br></div><div class="battle-history"><small>(just a turtle lost 42% of its health!)</small><br></div><div class="spacer battle-history"><br></div><div class="battle-history"><small>just a turtle restored a little HP using its Leftovers!</small><br></div><div class="battle-history"><small>The opposing Diancie was hurt by poison!</small><br></div><div class="spacer battle-history"><br></div><div class="battle-history">The opposing Diancie fainted!<br></div><div class="spacer battle-history"><br></div><div class="battle-history">ultair sent out <strong>Blaziken</strong>!<br></div><div class="battle-history"><small>The opposing Blaziken was hurt by the spikes!</small><br></div><div class="spacer battle-history"><br></div><h2 class="battle-history">Turn 7</h2><div class="spacer battle-history"><br></div><div class="battle-history"><small>The opposing Blaziken's Blazikenite is reacting to the Key Stone!</small><br>The opposing Blaziken has Mega Evolved into Mega Blaziken!<br></div><div class="spacer battle-history"><br></div><div class="battle-history">The opposing Blaziken used <strong>Close Combat</strong>!<br></div><div class="battle-history"><small>It's super effective!</small><br></div><div class="battle-history"><small>(just a turtle lost 40% of its health!)</small><br></div><div class="battle-history"><small>The opposing Blaziken's Defense fell!</small><br></div><div class="battle-history"><small>The opposing Blaziken's Sp. Def fell!</small><br></div><div class="spacer battle-history"><br></div><div class="battle-history">just a turtle fainted!<br></div><div class="spacer battle-history"><br></div><div class="battle-history">[The opposing Blaziken's Speed Boost]<br></div><div class="battle-history"><small>The opposing Blaziken's Speed rose!</small><br></div><div class="spacer battle-history"><br></div><div class="battle-history">Go! just a rock (<strong>Regirock</strong>)!<br></div><div class="battle-history"><small>Pointed stones dug into just a rock!</small><br></div><div class="spacer battle-history"><br></div><h2 class="battle-history">Turn 8</h2><div class="spacer battle-history"><br></div><div class="battle-history"><small>just a rock has Terastallized into the Poison-type!</small><br></div><div class="spacer battle-history"><br></div><div class="battle-history">The opposing Blaziken used <strong>U-turn</strong>!<br></div><div class="battle-history"><small>It's not very effective...</small><br></div><div class="battle-history"><small>(just a rock lost 6% of its health!)</small><br></div><div class="spacer battle-history"><br></div><div class="battle-history">The opposing Blaziken went back to ultair!<br></div><div class="battle-history">ultair sent out Landorus (<strong>Landorus-Therian</strong>)!<br></div><div class="battle-history">[The opposing Landorus's Intimidate]<br></div><div class="battle-history">[just a rock's Clear Body]<br><small>just a rock's stats were not lowered!</small><br></div><div class="spacer battle-history"><br></div><div class="battle-history">just a rock used <strong>Toxic</strong>!<br></div><div class="battle-history"><small>The opposing Landorus was badly poisoned!</small><br></div><div class="spacer battle-history"><br></div><div class="battle-history"><small>just a rock restored a little HP using its Leftovers!</small><br></div><div class="battle-history"><small>The opposing Landorus was hurt by poison!</small><br></div><div class="spacer battle-history"><br></div><h2 class="battle-history">Turn 9</h2><div class="spacer battle-history"><br></div><div class="battle-history">just a rock, come back!<br></div><div class="battle-history">Go! just a girl (<strong>Ogerpon-Wellspring</strong>)!<br></div><div class="battle-history"><small>Pointed stones dug into just a girl!</small><br></div><div class="spacer battle-history"><br></div><div class="battle-history">The opposing Landorus used <strong>Stone Edge</strong>!<br></div><div class="battle-history"><small>(just a girl lost 46% of its health!)</small><br></div><div class="spacer battle-history"><br></div><div class="battle-history"><small>The opposing Landorus was hurt by poison!</small><br></div><div class="spacer battle-history"><br></div><h2 class="battle-history">Turn 10</h2><div class="spacer battle-history"><br></div><div class="battle-history">ultair withdrew Landorus!<br></div><div class="battle-history">ultair sent out <strong>Shaymin</strong>!<br></div><div class="battle-history"><small>The opposing Shaymin was hurt by the spikes!</small><br></div><div class="spacer battle-history"><br></div><div class="battle-history">just a girl used <strong>Synthesis</strong>!<br></div><div class="battle-history"><small>just a girl had its HP restored.</small><br></div><div class="spacer battle-history"><br></div><h2 class="battle-history">Turn 11</h2><div class="chat"><small> tomkeap joined</small></div><div class="spacer battle-history"><br></div><div class="battle-history">just a girl, come back!<br></div><div class="battle-history">Go! just a dog (<strong>Reshiram</strong>)!<br></div><div class="battle-history"><small>Pointed stones dug into just a dog!</small><br></div><div class="battle-history">[just a dog's Turboblaze]<br><small>just a dog is radiating a blazing aura!</small><br></div><div class="spacer battle-history"><br></div><div class="battle-history">The opposing Shaymin used <strong>Synthesis</strong>!<br></div><div class="battle-history"><small>The opposing Shaymin had its HP restored.</small><br></div><div class="spacer battle-history"><br></div><h2 class="battle-history">Turn 12</h2><div class="chat"><small> ksch joined</small></div><div class="spacer battle-history"><br></div><div class="battle-history">ultair withdrew Shaymin!<br></div><div class="battle-history">ultair sent out <strong>Weezing</strong>!<br></div><div class="spacer battle-history"><br></div><div class="battle-history">just a dog used <strong>Blue Flare</strong>!<br></div><div class="battle-history"><small>The opposing Weezing avoided the attack!</small><br></div><div class="spacer battle-history"><br></div><h2 class="battle-history">Turn 13</h2><div class="chat"><small> imred65 joined</small></div><div class="spacer battle-history"><br></div><div class="battle-history">ultair withdrew Weezing!<br></div><div class="battle-history">ultair sent out Landorus (<strong>Landorus-Therian</strong>)!<br></div><div class="battle-history">[The opposing Landorus's Intimidate]<br></div><div class="battle-history"><small>just a dog's Attack fell!</small><br></div><div class="spacer battle-history"><br></div><div class="battle-history">just a dog used <strong>Blue Flare</strong>!<br></div><div class="battle-history"><small>(The opposing Landorus lost 83% of its health!)</small><br></div><div class="spacer battle-history"><br></div><div class="battle-history">The opposing Landorus fainted!<br></div><div class="spacer battle-history"><br></div><div class="battle-history">ultair sent out Blaziken (<strong>Blaziken-Mega</strong>)!<br></div><div class="battle-history"><small>The opposing Blaziken was hurt by the spikes!</small><br></div><div class="spacer battle-history"><br></div><h2 class="battle-history">Turn 14</h2><div class="chat"><small> Ausxh joined;  kaui left</small></div><div class="spacer battle-history"><br></div><div class="battle-history">just a dog, come back!<br></div><div class="battle-history">Go! just a rock (<strong>Regirock</strong>)!<br></div><div class="battle-history"><small>Pointed stones dug into just a rock!</small><br></div><div class="spacer battle-history"><br></div><div class="battle-history">The opposing Blaziken used <strong>Earthquake</strong>!<br></div><div class="battle-history"><small>It's super effective!</small><br></div><div class="battle-history"><small>(just a rock lost 39% of its health!)</small><br></div><div class="spacer battle-history"><br></div><div class="battle-history"><small>just a rock restored a little HP using its Leftovers!</small><br></div><div class="battle-history">[The opposing Blaziken's Speed Boost]<br></div><div class="battle-history"><small>The opposing Blaziken's Speed rose!</small><br></div><div class="spacer battle-history"><br></div><h2 class="battle-history">Turn 15</h2><div class="chat"><small> elementalassasin joined</small></div><div class="spacer battle-history"><br></div><div class="battle-history">The opposing Blaziken used <strong>U-turn</strong>!<br></div><div class="battle-history"><small>It's not very effective...</small><br></div><div class="battle-history"><small>(just a rock lost 6% of its health!)</small><br></div><div class="spacer battle-history"><br></div><div class="battle-history">The opposing Blaziken went back to ultair!<br></div><div class="battle-history">ultair sent out <strong>Shaymin</strong>!<br></div><div class="battle-history"><small>The opposing Shaymin was hurt by the spikes!</small><br></div><div class="spacer battle-history"><br></div><div class="battle-history">just a rock used <strong>Earthquake</strong>!<br></div><div class="battle-history"><small>It's not very effective...</small><br></div><div class="battle-history"><small>(The opposing Shaymin lost 6% of its health!)</small><br></div><div class="spacer battle-history"><br></div><div class="battle-history"><small>just a rock restored a little HP using its Leftovers!</small><br></div><div class="spacer battle-history"><br></div><h2 class="battle-history">Turn 16</h2><div class="chat"><small> foodss joined</small></div><div class="spacer battle-history"><br></div><div class="battle-history">just a rock, come back!<br></div><div class="battle-history">Go! just a dog (<strong>Reshiram</strong>)!<br></div><div class="battle-history"><small>Pointed stones dug into just a dog!</small><br></div><div class="battle-history">[just a dog's Turboblaze]<br><small>just a dog is radiating a blazing aura!</small><br></div><div class="spacer battle-history"><br></div><div class="battle-history">The opposing Shaymin used <strong>Earth Power</strong>!<br></div><div class="battle-history"><small>It's super effective!</small><br></div><div class="battle-history"><small>(just a dog ate its Shuca Berry!)</small><br></div><div class="battle-history"><small>The Shuca Berry weakened the damage to just a dog!</small><br></div><div class="battle-history"><small>(just a dog lost 17% of its health!)</small><br></div><div class="spacer battle-history"><br></div><h2 class="battle-history">Turn 17</h2><div class="spacer battle-history"><br></div><div class="battle-history">ultair withdrew Shaymin!<br></div><div class="battle-history">ultair sent out <strong>Weezing</strong>!<br></div><div class="spacer battle-history"><br></div><div class="battle-history">just a dog used <strong>Roost</strong>!<br></div><div class="battle-history"><small>just a dog had its HP restored.</small><br></div><div class="spacer battle-history"><br></div><h2 class="battle-history">Turn 18</h2><div class="spacer battle-history"><br></div><div class="battle-history">just a dog used <strong>Blue Flare</strong>!<br></div><div class="battle-history"><small>(The opposing Weezing lost 63% of its health!)</small><br></div><div class="spacer battle-history"><br></div><div class="battle-history">The opposing Weezing used <strong>Pain Split</strong>!<br></div><div class="battle-history"><small>The battlers shared their pain!</small><br></div><div class="spacer battle-history"><br></div><div class="battle-history"><small>The opposing Weezing restored a little HP using its Black Sludge!</small><br></div><div class="spacer battle-history"><br></div><h2 class="battle-history">Turn 19</h2><div class="spacer battle-history"><br></div><div class="battle-history">just a dog used <strong>Blue Flare</strong>!<br></div><div class="battle-history"><small>(The opposing Weezing lost 64% of its health!)</small><br></div><div class="spacer battle-history"><br></div><div class="battle-history">The opposing Weezing used <strong>Toxic Spikes</strong>!<br></div><div class="battle-history"><small>Poison spikes were scattered on the ground all around your team!</small><br></div><div class="spacer battle-history"><br></div><div class="battle-history"><small>The opposing Weezing restored a little HP using its Black Sludge!</small><br></div><div class="spacer battle-history"><br></div><h2 class="battle-history">Turn 20</h2><div class="spacer battle-history"><br></div><div class="battle-history">just a dog used <strong>Blue Flare</strong>!<br></div><div class="battle-history"><small>The opposing Weezing avoided the attack!</small><br></div><div class="spacer battle-history"><br></div><div class="battle-history">The opposing Weezing used <strong>Pain Split</strong>!<br></div><div class="battle-history"><small>The battlers shared their pain!</small><br></div><div class="spacer battle-history"><br></div><div class="battle-history"><small>The opposing Weezing restored a little HP using its Black Sludge!</small><br></div><div class="spacer battle-history"><br></div><h2 class="battle-history">Turn 21</h2><div class="spacer battle-history"><br></div><div class="battle-history">just a dog used <strong>Roost</strong>!<br></div><div class="battle-history"><small>just a dog had its HP restored.</small><br></div><div class="spacer battle-history"><br></div><div class="battle-history">The opposing Weezing used <strong>Toxic Spikes</strong>!<br></div><div class="battle-history"><small>Poison spikes were scattered on the ground all around your team!</small><br></div><div class="spacer battle-history"><br></div><div class="battle-history"><small>The opposing Weezing restored a little HP using its Black Sludge!</small><br></div><div class="spacer battle-history"><br></div><h2 class="battle-history">Turn 22</h2><div class="spacer battle-history"><br></div><div class="battle-history">just a dog used <strong>Blue Flare</strong>!<br></div><div class="battle-history"><small>(The opposing Weezing lost 48% of its health!)</small><br></div><div class="spacer battle-history"><br></div><div class="battle-history">The opposing Weezing fainted!<br></div><div class="spacer battle-history"><br></div><div class="battle-history">ultair sent out <strong>Flutter Mane</strong>!<br></div><div class="battle-history"><small>The opposing Flutter Mane was hurt by the spikes!</small><br></div><div class="spacer battle-history"><br></div><h2 class="battle-history">Turn 23</h2><div class="chat message-error">Battle timer is ON: inactive players will automatically lose when time's up. (requested by ultair)</div><div class="chat message-error">phantom0rion has 270 seconds left.</div><div class="spacer battle-history"><br></div><div class="battle-history">The opposing Flutter Mane used <strong>Moonblast</strong>!<br></div><div class="battle-history"><small>(just a dog lost 43% of its health!)</small><br></div><div class="spacer battle-history"><br></div><div class="battle-history">just a dog used <strong>Blue Flare</strong>!<br></div><div class="battle-history"><small>(The opposing Flutter Mane lost 78% of its health!)</small><br></div><div class="spacer battle-history"><br></div><h2 class="battle-history">Turn 24</h2><div class="chat message-error">phantom0rion has 270 seconds left.</div><div class="chat"><small> kaui joined</small></div><div class="chat message-error">phantom0rion has 240 seconds left.</div><div class="spacer battle-history"><br></div><div class="battle-history">The opposing Flutter Mane used <strong>Moonblast</strong>!<br></div><div class="battle-history"><small>(just a dog lost 42% of its health!)</small><br></div><div class="spacer battle-history"><br></div><div class="battle-history">just a dog fainted!<br></div><div class="chat message-error">phantom0rion has 240 seconds left.</div><div class="spacer battle-history"><br></div><div class="battle-history">Go! pretty fairy (<strong>Magearna</strong>)!<br></div><div class="battle-history"><small>Pointed stones dug into pretty fairy!</small><br></div><div class="spacer battle-history"><br></div><h2 class="battle-history">Turn 25</h2><div class="spacer battle-history"><br></div><div class="battle-history">The opposing Flutter Mane used <strong>Mystical Fire</strong>!<br></div><div class="battle-history"><small>It's super effective!</small><br></div><div class="battle-history"><small>(pretty fairy lost 65% of its health!)</small><br></div><div class="battle-history"><small>pretty fairy's Sp. Atk fell!</small><br></div><div class="spacer battle-history"><br></div><div class="battle-history">pretty fairy used <strong>Shift Gear</strong>!<br></div><div class="battle-history"><small>pretty fairy's Speed rose sharply!</small><br></div><div class="battle-history"><small>pretty fairy's Attack rose!</small><br></div><div class="spacer battle-history"><br></div><h2 class="battle-history">Turn 26</h2><div class="chat"><small> Bunnnies joined</small></div><div class="spacer battle-history"><br></div><div class="battle-history">pretty fairy used <strong>Stored Power</strong>!<br></div><div class="battle-history"><small>(The opposing Flutter Mane lost 10% of its health!)</small><br></div><div class="spacer battle-history"><br></div><div class="battle-history">The opposing Flutter Mane fainted!<br></div><div class="battle-history">[pretty fairy's Soul-Heart]<br></div><div class="battle-history"><small>pretty fairy's Sp. Atk rose!</small><br></div><div class="spacer battle-history"><br></div><div class="battle-history">ultair sent out <strong>Shaymin</strong>!<br></div><div class="battle-history"><small>The opposing Shaymin was hurt by the spikes!</small><br></div><div class="spacer battle-history"><br></div><h2 class="battle-history">Turn 27</h2><div class="chat message-error">phantom0rion has 240 seconds left.</div><div class="chat message-error">phantom0rion has 210 seconds left.</div><div class="chat"><small> Gym Leder Brawl joined</small></div><div class="spacer battle-history"><br></div><div class="battle-history">pretty fairy used <strong>Ice Beam</strong>!<br></div><div class="battle-history"><small>It's super effective!</small><br></div><div class="battle-history"><small>(The opposing Shaymin lost 52% of its health!)</small><br></div><div class="spacer battle-history"><br></div><div class="battle-history">The opposing Shaymin used <strong>Earth Power</strong>!<br></div><div class="battle-history"><small>It's super effective!</small><br></div><div class="battle-history"><small>(pretty fairy ate its Shuca Berry!)</small><br></div><div class="battle-history"><small>The Shuca Berry weakened the damage to pretty fairy!</small><br></div><div class="battle-history"><small>(pretty fairy lost 20% of its health!)</small><br></div><div class="spacer battle-history"><br></div><h2 class="battle-history">Turn 28</h2><div class="spacer battle-history"><br></div><div class="battle-history">pretty fairy used <strong>Ice Beam</strong>!<br></div><div class="battle-history"><small>It's super effective!</small><br></div><div class="battle-history"><small>(The opposing Shaymin lost 17% of its health!)</small><br></div><div class="spacer battle-history"><br></div><div class="battle-history">The opposing Shaymin fainted!<br></div><div class="battle-history">[pretty fairy's Soul-Heart]<br></div><div class="battle-history"><small>pretty fairy's Sp. Atk rose!</small><br></div><div class="spacer battle-history"><br></div><div class="battle-history">ultair sent out Blaziken (<strong>Blaziken-Mega</strong>)!<br></div><div class="battle-history"><small>The opposing Blaziken was hurt by the spikes!</small><br></div><div class="spacer battle-history"><br></div><h2 class="battle-history">Turn 29</h2><div class="chat chatmessage-ultair"><strong style="color:#3a9240"><small class="groupsymbol">☆</small><span class="username">ultair</span>:</strong> <em>gg</em></div><div class="spacer battle-history"><br></div><div class="battle-history">pretty fairy used <strong>Stored Power</strong>!<br></div><div class="battle-history"><small>It's super effective!</small><br></div><div class="battle-history"><small>(The opposing Blaziken lost 64% of its health!)</small><br></div><div class="spacer battle-history"><br></div><div class="battle-history">The opposing Blaziken fainted!<br></div><div class="spacer battle-history"><br></div><div class="battle-history"><strong>phantom0rion</strong> won the battle!<br></div><div class="chat chatmessage-phantom0rion"><strong style="color:#0aa74e"><small class="groupsymbol">☆</small><span class="username">phantom0rion</span>:</strong> <em>gg</em></div><div class="chat"><small> kaui left</small></div><div class="chat chatmessage-serendipidu"><strong style="color:#7c53d9"><small class="groupsymbol"> </small><span class="username">serendipidu</span>:</strong> <em>gg</em></div><div class="chat chatmessage-ultair"><strong style="color:#3a9240"><small class="groupsymbol">☆</small><span class="username">ultair</span>:</strong> <em>thought fs you had earthpower</em></div><div class="chat"><small> elementalassasin left</small></div><div class="chat chatmessage-ultair"><strong style="color:#3a9240"><small class="groupsymbol">☆</small><span class="username">ultair</span>:</strong> <em>awful playby me to go to lando in hindsight</em></div><div class="chat chatmessage-ultair"><strong style="color:#3a9240"><small class="groupsymbol">☆</small><span class="username">ultair</span>:</strong> <em>oh well lol</em></div><div class="chat"><small> ksch and  daotxtoad left</small></div><div class="chat chatmessage-phantom0rion"><strong style="color:#0aa74e"><small class="groupsymbol">☆</small><span class="username">phantom0rion</span>:</strong> <em>earthpower on who</em></div><div class="chat chatmessage-ultair"><strong style="color:#3a9240"><small class="groupsymbol">☆</small><span class="username">ultair</span>:</strong> <em>resh</em></div><div class="chat chatmessage-ultair"><strong style="color:#3a9240"><small class="groupsymbol">☆</small><span class="username">ultair</span>:</strong> <em>for pex</em></div><div class="chat chatmessage-doctashock"><strong style="color:#15a4c7"><small class="groupsymbol"> </small><span class="username">Doctashock</span>:</strong> <em>and weezing</em></div><div class="chat chatmessage-serendipidu"><strong style="color:#7c53d9"><small class="groupsymbol"> </small><span class="username">serendipidu</span>:</strong> <em>blue flare does giga damage to everything</em></div><div class="chat chatmessage-ultair"><strong style="color:#3a9240"><small class="groupsymbol">☆</small><span class="username">ultair</span>:</strong> <em>not pex no</em></div><div class="chat"><small> tomkeap and ☆ultair left</small></div><div class="chat chatmessage-phantom0rion"><strong style="color:#0aa74e"><small class="groupsymbol">☆</small><span class="username">phantom0rion</span>:</strong> <em>ggs blaze was a menace</em></div><div class="chat"><small> imred65,  Ausxh, and  foodss left</small></div></div><div class="inner-preempt message-log"></div></div></div>
</div>
<script>
let daily = Math.floor(Date.now()/1000/60/60/24);document.write('<script src="https://play.pokemonshowdown.com/js/replay-embed.js?version'+daily+'"></'+'script>');
</script>
