<!DOCTYPE html>
<meta charset="utf-8" />
<!-- version 1 -->
<title>[Gen 9] NatDex Draft replay: Crown Oji vs. Doctashock</title>
<style>
html,body {font-family:Verdana, sans-serif;font-size:10pt;margin:0;padding:0;}body{padding:12px 0;} .battle-log {font-family:Verdana, sans-serif;font-size:10pt;} .battle-log-inline {border:1px solid #AAAAAA;background:#EEF2F5;color:black;max-width:640px;margin:0 auto 80px;padding-bottom:5px;} .battle-log .inner {padding:4px 8px 0px 8px;} .battle-log .inner-preempt {padding:0 8px 4px 8px;} .battle-log .inner-after {margin-top:0.5em;} .battle-log h2 {margin:0.5em -8px;padding:4px 8px;border:1px solid #AAAAAA;background:#E0E7EA;border-left:0;border-right:0;font-family:Verdana, sans-serif;font-size:13pt;} .battle-log .chat {vertical-align:middle;padding:3px 0 3px 0;font-size:8pt;} .battle-log .chat strong {color:#40576A;} .battle-log .chat em {padding:1px 4px 1px 3px;color:#000000;font-style:normal;} .chat.mine {background:rgba(0,0,0,0.05);margin-left:-8px;margin-right:-8px;padding-left:8px;padding-right:8px;} .spoiler {color:#BBBBBB;background:#BBBBBB;padding:0px 3px;} .spoiler:hover, .spoiler:active, .spoiler-shown {color:#000000;background:#E2E2E2;padding:0px 3px;} .spoiler a {color:#BBBBBB;} .spoiler:hover a, .spoiler:active a, .spoiler-shown a {color:#2288CC;} .chat code, .chat .spoiler:hover code, .chat .spoiler:active code, .chat .spoiler-shown code {border:1px solid #C0C0C0;background:#EEEEEE;color:black;padding:0 2px;} .chat .spoiler code {border:1px solid #CCCCCC;background:#CCCCCC;color:#CCCCCC;} .battle-log .rated {padding:3px 4px;} .battle-log .rated strong {color:white;background:#89A;padding:1px 4px;border-radius:4px;} .spacer {margin-top:0.5em;} .message-announce {background:#6688AA;color:white;padding:1px 4px 2px;} .message-announce a, .broadcast-green a, .broadcast-blue a, .broadcast-red a {color:#DDEEFF;} .broadcast-green {background-color:#559955;color:white;padding:2px 4px;} .broadcast-blue {background-color:#6688AA;color:white;padding:2px 4px;} .infobox {border:1px solid #6688AA;padding:2px 4px;} .infobox-limited {max-height:200px;overflow:auto;overflow-x:hidden;} .broadcast-red {background-color:#AA5544;color:white;padding:2px 4px;} .message-learn-canlearn {font-weight:bold;color:#228822;text-decoration:underline;} .message-learn-cannotlearn {font-weight:bold;color:#CC2222;text-decoration:underline;} .message-effect-weak {font-weight:bold;color:#CC2222;} .message-effect-resist {font-weight:bold;color:#6688AA;} .message-effect-immune {font-weight:bold;color:#666666;} .message-learn-list {margin-top:0;margin-bottom:0;} .message-throttle-notice, .message-error {color:#992222;} .message-overflow, .chat small.message-overflow {font-size:0pt;} .message-overflow::before {font-size:9pt;content:'...';} .subtle {color:#3A4A66;}
</style>
<div class="wrapper replay-wrapper" style="max-width:1180px;margin:0 auto">
<input type="hidden" name="replayid" value="gen9natdexdraft-2447335031" />
<div class="battle"></div><div class="battle-log"></div><div class="replay-controls"></div><div class="replay-controls-2"></div>
<h1 style="font-weight:normal;text-align:center"><strong>[Gen 9] NatDex Draft</strong><br /><a href="http://pokemonshowdown.com/users/crownoji" class="subtle" target="_blank">Crown Oji</a> vs. <a href="http://pokemonshowdown.com/users/doctashock" class="subtle" target="_blank">Doctashock</a></h1>
<script type="text/plain" class="battle-log-data">
|j|☆Crown Oji
|j|☆Doctashock
|t:|1758593473
|gametype|singles
|player|p1|Crown Oji|toddsnap2|
|player|p2|Doctashock|170|
|gen|9
|tier|[Gen 9] NatDex Draft
|rule|Tera Type Preview: Tera Types are shown at Team Preview
|rule|Sleep Clause Mod: Limit one foe put to sleep
|rule|OHKO Clause: OHKO moves are banned
|rule|Evasion Clause: Evasion abilities, items, and moves are banned
|rule|Evasion Abilities Clause: Evasion abilities are banned
|rule|Evasion Items Clause: Evasion items are banned
|rule|Evasion Moves Clause: Evasion moves are banned
|rule|Endless Battle Clause: Forcing endless battles is banned
|rule|HP Percentage Mod: HP is shown in percentages
|raw|<div class="infobox"><details class="readmore" open><summary><strong>1 custom rule:<\/strong><\/summary> Tera Type Preview<\/details><\/div>
|clearpoke
|poke|p1|Prinplup, M|
|poke|p1|Kilowattrel, M|
|poke|p1|Hatterene, F|
|poke|p1|Blacephalon|
|poke|p1|Lopunny, M|
|poke|p1|Lycanroc-Dusk, F|
|poke|p2|Ho-Oh|
|poke|p2|Enamorus-Therian, F|
|poke|p2|Slowking, F|
|poke|p2|Gholdengo|
|poke|p2|Palkia|
|poke|p2|Conkeldurr, M|
|raw|Crown Oji's Tera Types:<br \/><psicon pokemon="prinplup" \/><psicon type="Water" \/> \/ <psicon pokemon="kilowattrel" \/><psicon type="Electric" \/> \/ <psicon pokemon="hatterene" \/><psicon type="Water" \/> \/ <psicon pokemon="blacephalon" \/><psicon type="Fire" \/> \/ <psicon pokemon="lopunny" \/><psicon type="Normal" \/> \/ <psicon pokemon="lycanrocdusk" \/><psicon type="Rock" \/>
|raw|Doctashock's Tera Types:<br \/><psicon pokemon="hooh" \/><psicon type="Fairy" \/> \/ <psicon pokemon="enamorustherian" \/><psicon type="Ground" \/> \/ <psicon pokemon="slowking" \/><psicon type="Water" \/> \/ <psicon pokemon="gholdengo" \/><psicon type="Steel" \/> \/ <psicon pokemon="palkia" \/><psicon type="Water" \/> \/ <psicon pokemon="conkeldurr" \/><psicon type="Fighting" \/>
|teampreview
|j| tomkeap
|j| ChillerFrost
|j| serendipidu
|j| phantom0rion
|
|t:|1758593604
|teamsize|p1|6
|teamsize|p2|6
|start
|switch|p1a: Clayface|Prinplup, M, shiny|100\/100
|switch|p2a: Freya|Enamorus-Therian, F|100\/100
|turn|1
|j| daotxtoad
|
|t:|1758593678
|move|p1a: Clayface|Toxic|p2a: Freya|[miss]
|-miss|p1a: Clayface|p2a: Freya
|move|p2a: Freya|Moonblast|p1a: Clayface
|-damage|p1a: Clayface|25\/100
|
|upkeep
|turn|2
|
|t:|1758593745
|move|p1a: Clayface|Stealth Rock|p2a: Freya
|-sidestart|p2: Doctashock|move: Stealth Rock
|move|p2a: Freya|Moonblast|p1a: Clayface
|-damage|p1a: Clayface|0 fnt
|faint|p1a: Clayface
|
|upkeep
|
|t:|1758593763
|switch|p1a: Dr Phosphorus|Hatterene, F|100\/100
|turn|3
|
|t:|1758593802
|-terastallize|p2a: Freya|Ground
|move|p2a: Freya|Moonblast|p1a: Dr Phosphorus
|-damage|p1a: Dr Phosphorus|58\/100
|-unboost|p1a: Dr Phosphorus|spa|1
|move|p1a: Dr Phosphorus|Psychic|p2a: Freya
|-damage|p2a: Freya|72\/100
|-unboost|p2a: Freya|spd|1
|
|upkeep
|turn|4
|
|t:|1758593907
|switch|p2a: Magic Konch|Slowking, F, shiny|100\/100
|move|p1a: Dr Phosphorus|Draining Kiss|p2a: Magic Konch
|-damage|p2a: Magic Konch|91\/100
|-heal|p1a: Dr Phosphorus|67\/100|[from] drain|[of] p2a: Magic Konch
|
|upkeep
|turn|5
|
|t:|1758594015
|switch|p1a: Firefly|Kilowattrel, M, shiny|100\/100
|move|p2a: Magic Konch|Teleport|p2a: Magic Konch
|
|t:|1758594161
|switch|p2a: Riptide|Palkia|100\/100|[from] Teleport
|-damage|p2a: Riptide|88\/100|[from] Stealth Rock
|-ability|p2a: Riptide|Pressure
|
|upkeep
|turn|6
|
|t:|1758594185
|move|p2a: Riptide|Hydro Pump|p1a: Firefly
|-damage|p1a: Firefly|0 fnt
|faint|p1a: Firefly
|
|upkeep
|
|t:|1758594191
|switch|p1a: Dr Phosphorus|Hatterene, F|67\/100
|turn|7
|
|t:|1758594236
|switch|p2a: Dumb Bird|Ho-Oh|100\/100
|move|p1a: Dr Phosphorus|Nuzzle|p2a: Dumb Bird
|-supereffective|p2a: Dumb Bird
|-damage|p2a: Dumb Bird|95\/100
|-status|p2a: Dumb Bird|par
|
|upkeep
|turn|8
|
|t:|1758594284
|switch|p1a: Calendar man|Lycanroc-Dusk, F|100\/100
|move|p2a: Dumb Bird|Defog|p1a: Calendar man
|-unboost|p1a: Calendar man|evasion|1
|-sideend|p2: Doctashock|Stealth Rock|[from] move: Defog|[of] p2a: Dumb Bird
|
|upkeep
|turn|9
|
|t:|1758594328
|switch|p2a: Magic Konch|Slowking, F, shiny|100\/100
|move|p1a: Calendar man|Stone Edge|p2a: Magic Konch
|-damage|p2a: Magic Konch|53\/100
|
|upkeep
|turn|10
|
|t:|1758594385
|move|p1a: Calendar man|Stone Edge|p2a: Magic Konch
|-crit|p2a: Magic Konch
|-damage|p2a: Magic Konch|0 fnt
|faint|p2a: Magic Konch
|
|upkeep
|
|t:|1758594452
|switch|p2a: Freya|Enamorus-Therian, F, tera:Ground|72\/100
|turn|11
|
|t:|1758594488
|switch|p1a: Dr Phosphorus|Hatterene, F|67\/100
|move|p2a: Freya|Earth Power|p1a: Dr Phosphorus
|-damage|p1a: Dr Phosphorus|25\/100
|
|upkeep
|turn|12
|
|t:|1758594508
|move|p2a: Freya|Earth Power|p1a: Dr Phosphorus
|-damage|p1a: Dr Phosphorus|0 fnt
|faint|p1a: Dr Phosphorus
|
|upkeep
|
|t:|1758594511
|switch|p1a: Savant|Lopunny, M|100\/100
|turn|13
|
|t:|1758594590
|switch|p2a: Dumb Bird|Ho-Oh|100\/100 par
|detailschange|p1a: Savant|Lopunny-Mega, M
|-mega|p1a: Savant|Lopunny|Lopunnite
|move|p1a: Savant|Fake Out|p2a: Dumb Bird
|-crit|p2a: Dumb Bird
|-damage|p2a: Dumb Bird|78\/100 par
|
|upkeep
|turn|14
|
|t:|1758594599
|move|p1a: Savant|U-turn|p2a: Dumb Bird
|-resisted|p2a: Dumb Bird
|-damage|p2a: Dumb Bird|74\/100 par
|
|t:|1758594602
|switch|p1a: Calendar man|Lycanroc-Dusk, F|100\/100|[from] U-turn
|move|p2a: Dumb Bird|Sacred Fire|p1a: Calendar man|[miss]
|-miss|p2a: Dumb Bird|p1a: Calendar man
|
|upkeep
|turn|15
|
|t:|1758594655
|switch|p2a: Silver Surfer|Gholdengo|100\/100
|move|p1a: Calendar man|Stone Edge|p2a: Silver Surfer|[miss]
|-miss|p1a: Calendar man|p2a: Silver Surfer
|
|upkeep
|turn|16
|
|t:|1758594786
|move|p1a: Calendar man|Drill Run|p2a: Silver Surfer
|-supereffective|p2a: Silver Surfer
|-damage|p2a: Silver Surfer|27\/100
|move|p2a: Silver Surfer|Shadow Ball|p1a: Calendar man
|-damage|p1a: Calendar man|18\/100
|-unboost|p1a: Calendar man|spd|1
|-enditem|p1a: Calendar man|Liechi Berry|[eat]
|-boost|p1a: Calendar man|atk|1|[from] item: Liechi Berry
|
|-heal|p2a: Silver Surfer|33\/100|[from] item: Leftovers
|upkeep
|turn|17
|
|t:|1758594837
|move|p1a: Calendar man|Drill Run|p2a: Silver Surfer
|-supereffective|p2a: Silver Surfer
|-damage|p2a: Silver Surfer|0 fnt
|faint|p2a: Silver Surfer
|
|upkeep
|
|t:|1758594931
|switch|p2a: Riptide|Palkia|88\/100
|-ability|p2a: Riptide|Pressure
|turn|18
|
|t:|1758594935
|move|p1a: Calendar man|Accelerock|p2a: Riptide
|-damage|p2a: Riptide|45\/100
|move|p2a: Riptide|Earth Power|p1a: Calendar man
|-supereffective|p1a: Calendar man
|-damage|p1a: Calendar man|0 fnt
|faint|p1a: Calendar man
|
|upkeep
|
|t:|1758594958
|switch|p1a: Savant|Lopunny-Mega, M|100\/100
|turn|19
|
|t:|1758594974
|switch|p2a: Dumb Bird|Ho-Oh|100\/100 par
|move|p1a: Savant|Close Combat|p2a: Dumb Bird
|-resisted|p2a: Dumb Bird
|-damage|p2a: Dumb Bird|81\/100 par
|-unboost|p1a: Savant|def|1
|-unboost|p1a: Savant|spd|1
|
|upkeep
|turn|20
|
|t:|1758595026
|move|p1a: Savant|U-turn|p2a: Dumb Bird
|-resisted|p2a: Dumb Bird
|-damage|p2a: Dumb Bird|78\/100 par
|
|t:|1758595030
|switch|p1a: The Phantasm|Blacephalon|100\/100|[from] U-turn
|move|p2a: Dumb Bird|Brave Bird|p1a: The Phantasm
|-damage|p1a: The Phantasm|0 fnt
|faint|p1a: The Phantasm
|-damage|p2a: Dumb Bird|58\/100 par|[from] Recoil
|
|upkeep
|
|t:|1758595032
|switch|p1a: Savant|Lopunny-Mega, M|100\/100
|turn|21
|j| 25Days
|
|t:|1758595080
|switch|p2a: Mr Bongos|Conkeldurr, M|100\/100
|move|p1a: Savant|Fake Out|p2a: Mr Bongos
|-damage|p2a: Mr Bongos|82\/100
|
|-status|p2a: Mr Bongos|brn|[from] item: Flame Orb
|upkeep
|turn|22
|
|t:|1758595138
|move|p1a: Savant|Close Combat|p2a: Mr Bongos
|-damage|p2a: Mr Bongos|25\/100 brn
|-unboost|p1a: Savant|def|1
|-unboost|p1a: Savant|spd|1
|move|p2a: Mr Bongos|Drain Punch|p1a: Savant
|-supereffective|p1a: Savant
|-damage|p1a: Savant|0 fnt
|-heal|p2a: Mr Bongos|58\/100 brn|[from] drain|[of] p1a: Savant
|faint|p1a: Savant
|detailschange|p1: Savant|Lopunny, M|[silent]
|
|win|Doctashock
|c|☆Doctashock|ggs
|c|☆Crown Oji|gg
|c| tomkeap|ggs!

</script>
</div>
<div class="battle-log battle-log-inline"><div class="inner"><div class="battle-options"></div><div class="inner message-log"><div class="chat"><small>☆Crown Oji and ☆Doctashock joined</small></div><div class=""><small>Format:</small> <br><strong>[Gen 9] NatDex Draft</strong></div><div class=""><small><em>Tera Type Preview:</em> Tera Types are shown at Team Preview</small></div><div class=""><small><em>Sleep Clause Mod:</em> Limit one foe put to sleep</small></div><div class=""><small><em>OHKO Clause:</em> OHKO moves are banned</small></div><div class=""><small><em>Evasion Clause:</em> Evasion abilities, items, and moves are banned</small></div><div class=""><small><em>Evasion Abilities Clause:</em> Evasion abilities are banned</small></div><div class=""><small><em>Evasion Items Clause:</em> Evasion items are banned</small></div><div class=""><small><em>Evasion Moves Clause:</em> Evasion moves are banned</small></div><div class=""><small><em>Endless Battle Clause:</em> Forcing endless battles is banned</small></div><div class=""><small><em>HP Percentage Mod:</em> HP is shown in percentages</small></div><div class="chat"><div class="infobox"><details class="readmore" open=""><summary><strong>1 custom rule:</strong></summary> Tera Type Preview</details></div></div><div class="chat">Crown Oji's Tera Types:<br><span class="picon" style="background:transparent url(https://play.pokemonshowdown.com/sprites/pokemonicons-sheet.png?v19) no-repeat scroll -400px -960px"></span><img src="https://play.pokemonshowdown.com/sprites/types/Water.png" alt="Water" height="14" width="32" class="pixelated"> / <span class="picon" style="background:transparent url(https://play.pokemonshowdown.com/sprites/pokemonicons-sheet.png?v19) no-repeat scroll -200px -2340px"></span><img src="https://play.pokemonshowdown.com/sprites/types/Electric.png" alt="Electric" height="14" width="32" class="pixelated"> / <span class="picon" style="background:transparent url(https://play.pokemonshowdown.com/sprites/pokemonicons-sheet.png?v19) no-repeat scroll -240px -2130px"></span><img src="https://play.pokemonshowdown.com/sprites/types/Water.png" alt="Water" height="14" width="32" class="pixelated"> / <span class="picon" style="background:transparent url(https://play.pokemonshowdown.com/sprites/pokemonicons-sheet.png?v19) no-repeat scroll -80px -2010px"></span><img src="https://play.pokemonshowdown.com/sprites/types/Fire.png" alt="Fire" height="14" width="32" class="pixelated"> / <span class="picon" style="background:transparent url(https://play.pokemonshowdown.com/sprites/pokemonicons-sheet.png?v19) no-repeat scroll -320px -1050px"></span><img src="https://play.pokemonshowdown.com/sprites/types/Normal.png" alt="Normal" height="14" width="32" class="pixelated"> / <span class="picon" style="background:transparent url(https://play.pokemonshowdown.com/sprites/pokemonicons-sheet.png?v19) no-repeat scroll -160px -2970px"></span><img src="https://play.pokemonshowdown.com/sprites/types/Rock.png" alt="Rock" height="14" width="32" class="pixelated"></div><div class="chat">Doctashock's Tera Types:<br><span class="picon" style="background:transparent url(https://play.pokemonshowdown.com/sprites/pokemonicons-sheet.png?v19) no-repeat scroll -400px -600px"></span><img src="https://play.pokemonshowdown.com/sprites/types/Fairy.png" alt="Fairy" height="14" width="32" class="pixelated"> / <span class="picon" style="background:transparent url(https://play.pokemonshowdown.com/sprites/pokemonicons-sheet.png?v19) no-repeat scroll -280px -3120px"></span><img src="https://play.pokemonshowdown.com/sprites/types/Ground.png" alt="Ground" height="14" width="32" class="pixelated"> / <span class="picon" style="background:transparent url(https://play.pokemonshowdown.com/sprites/pokemonicons-sheet.png?v19) no-repeat scroll -280px -480px"></span><img src="https://play.pokemonshowdown.com/sprites/types/Water.png" alt="Water" height="14" width="32" class="pixelated"> / <span class="picon" style="background:transparent url(https://play.pokemonshowdown.com/sprites/pokemonicons-sheet.png?v19) no-repeat scroll -160px -2490px"></span><img src="https://play.pokemonshowdown.com/sprites/types/Steel.png" alt="Steel" height="14" width="32" class="pixelated"> / <span class="picon" style="background:transparent url(https://play.pokemonshowdown.com/sprites/pokemonicons-sheet.png?v19) no-repeat scroll -160px -1200px"></span><img src="https://play.pokemonshowdown.com/sprites/types/Water.png" alt="Water" height="14" width="32" class="pixelated"> / <span class="picon" style="background:transparent url(https://play.pokemonshowdown.com/sprites/pokemonicons-sheet.png?v19) no-repeat scroll -240px -1320px"></span><img src="https://play.pokemonshowdown.com/sprites/types/Fighting.png" alt="Fighting" height="14" width="32" class="pixelated"></div><div class="chat battle-history"><strong>Crown Oji's team:</strong> <em style="color:#445566;display:block;">Prinplup / Kilowattrel / Hatterene / Blacephalon / Lopunny / Lycanroc-Dusk</em></div><div class="chat battle-history"><strong>Doctashock's team:</strong> <em style="color:#445566;display:block;">Ho-Oh / Enamorus-Therian / Slowking / Gholdengo / Palkia / Conkeldurr</em></div><div class="chat"><small> tomkeap,  ChillerFrost,  serendipidu, and  phantom0rion joined</small></div><div class="spacer battle-history"><br></div><div class="battle-history">Battle started between Crown Oji and Doctashock!<br></div><div class="spacer battle-history"><br></div><div class="battle-history">Go! Clayface (<strong>Prinplup</strong>)!<br></div><div class="spacer battle-history"><br></div><div class="battle-history">Doctashock sent out Freya (<strong>Enamorus-Therian</strong>)!<br></div><div class="spacer battle-history"><br></div><h2 class="battle-history">Turn 1</h2><div class="chat"><small> daotxtoad joined</small></div><div class="spacer battle-history"><br></div><div class="battle-history">Clayface used <strong>Toxic</strong>!<br></div><div class="battle-history"><small>The opposing Freya avoided the attack!</small><br></div><div class="spacer battle-history"><br></div><div class="battle-history">The opposing Freya used <strong>Moonblast</strong>!<br></div><div class="battle-history"><small>(Clayface lost 75% of its health!)</small><br></div><div class="spacer battle-history"><br></div><h2 class="battle-history">Turn 2</h2><div class="spacer battle-history"><br></div><div class="battle-history">Clayface used <strong>Stealth Rock</strong>!<br></div><div class="battle-history"><small>Pointed stones float in the air around the opposing team!</small><br></div><div class="spacer battle-history"><br></div><div class="battle-history">The opposing Freya used <strong>Moonblast</strong>!<br></div><div class="battle-history"><small>(Clayface lost 25% of its health!)</small><br></div><div class="spacer battle-history"><br></div><div class="battle-history">Clayface fainted!<br></div><div class="spacer battle-history"><br></div><div class="battle-history">Go! Dr Phosphorus (<strong>Hatterene</strong>)!<br></div><div class="spacer battle-history"><br></div><h2 class="battle-history">Turn 3</h2><div class="spacer battle-history"><br></div><div class="battle-history"><small>The opposing Freya has Terastallized into the Ground-type!</small><br></div><div class="spacer battle-history"><br></div><div class="battle-history">The opposing Freya used <strong>Moonblast</strong>!<br></div><div class="battle-history"><small>(Dr Phosphorus lost 42% of its health!)</small><br></div><div class="battle-history"><small>Dr Phosphorus's Sp. Atk fell!</small><br></div><div class="spacer battle-history"><br></div><div class="battle-history">Dr Phosphorus used <strong>Psychic</strong>!<br></div><div class="battle-history"><small>(The opposing Freya lost 28% of its health!)</small><br></div><div class="battle-history"><small>The opposing Freya's Sp. Def fell!</small><br></div><div class="spacer battle-history"><br></div><h2 class="battle-history">Turn 4</h2><div class="spacer battle-history"><br></div><div class="battle-history">Doctashock withdrew Freya!<br></div><div class="battle-history">Doctashock sent out Magic Konch (<strong>Slowking</strong>)!<br></div><div class="spacer battle-history"><br></div><div class="battle-history">Dr Phosphorus used <strong>Draining Kiss</strong>!<br></div><div class="battle-history"><small>(The opposing Magic Konch lost 9% of its health!)</small><br></div><div class="battle-history"><small>The opposing Magic Konch had its energy drained!</small><br></div><div class="spacer battle-history"><br></div><h2 class="battle-history">Turn 5</h2><div class="spacer battle-history"><br></div><div class="battle-history">Dr Phosphorus, come back!<br></div><div class="battle-history">Go! Firefly (<strong>Kilowattrel</strong>)!<br></div><div class="spacer battle-history"><br></div><div class="battle-history">The opposing Magic Konch used <strong>Teleport</strong>!<br></div><div class="spacer battle-history"><br></div><div class="battle-history">Doctashock sent out Riptide (<strong>Palkia</strong>)!<br></div><div class="battle-history"><small>Pointed stones dug into the opposing Riptide!</small><br></div><div class="battle-history">[The opposing Riptide's Pressure]<br><small>The opposing Riptide is exerting its pressure!</small><br></div><div class="spacer battle-history"><br></div><h2 class="battle-history">Turn 6</h2><div class="spacer battle-history"><br></div><div class="battle-history">The opposing Riptide used <strong>Hydro Pump</strong>!<br></div><div class="battle-history"><small>(Firefly lost 100% of its health!)</small><br></div><div class="spacer battle-history"><br></div><div class="battle-history">Firefly fainted!<br></div><div class="spacer battle-history"><br></div><div class="battle-history">Go! Dr Phosphorus (<strong>Hatterene</strong>)!<br></div><div class="spacer battle-history"><br></div><h2 class="battle-history">Turn 7</h2><div class="spacer battle-history"><br></div><div class="battle-history">Doctashock withdrew Riptide!<br></div><div class="battle-history">Doctashock sent out Dumb Bird (<strong>Ho-Oh</strong>)!<br></div><div class="spacer battle-history"><br></div><div class="battle-history">Dr Phosphorus used <strong>Nuzzle</strong>!<br></div><div class="battle-history"><small>It's super effective!</small><br></div><div class="battle-history"><small>(The opposing Dumb Bird lost 5% of its health!)</small><br></div><div class="battle-history"><small>The opposing Dumb Bird is paralyzed! It may be unable to move!</small><br></div><div class="spacer battle-history"><br></div><h2 class="battle-history">Turn 8</h2><div class="spacer battle-history"><br></div><div class="battle-history">Dr Phosphorus, come back!<br></div><div class="battle-history">Go! Calendar man (<strong>Lycanroc-Dusk</strong>)!<br></div><div class="spacer battle-history"><br></div><div class="battle-history">The opposing Dumb Bird used <strong>Defog</strong>!<br></div><div class="battle-history"><small>Calendar man's evasiveness fell!</small><br></div><div class="battle-history"><small>The pointed stones disappeared from around the opposing team!</small><br></div><div class="spacer battle-history"><br></div><h2 class="battle-history">Turn 9</h2><div class="spacer battle-history"><br></div><div class="battle-history">Doctashock withdrew Dumb Bird!<br></div><div class="battle-history">Doctashock sent out Magic Konch (<strong>Slowking</strong>)!<br></div><div class="spacer battle-history"><br></div><div class="battle-history">Calendar man used <strong>Stone Edge</strong>!<br></div><div class="battle-history"><small>(The opposing Magic Konch lost 47% of its health!)</small><br></div><div class="spacer battle-history"><br></div><h2 class="battle-history">Turn 10</h2><div class="spacer battle-history"><br></div><div class="battle-history">Calendar man used <strong>Stone Edge</strong>!<br></div><div class="battle-history"><small>A critical hit!</small><br></div><div class="battle-history"><small>(The opposing Magic Konch lost 53% of its health!)</small><br></div><div class="spacer battle-history"><br></div><div class="battle-history">The opposing Magic Konch fainted!<br></div><div class="spacer battle-history"><br></div><div class="battle-history">Doctashock sent out Freya (<strong>Enamorus-Therian</strong>)!<br></div><div class="spacer battle-history"><br></div><h2 class="battle-history">Turn 11</h2><div class="spacer battle-history"><br></div><div class="battle-history">Calendar man, come back!<br></div><div class="battle-history">Go! Dr Phosphorus (<strong>Hatterene</strong>)!<br></div><div class="spacer battle-history"><br></div><div class="battle-history">The opposing Freya used <strong>Earth Power</strong>!<br></div><div class="battle-history"><small>(Dr Phosphorus lost 42% of its health!)</small><br></div><div class="spacer battle-history"><br></div><h2 class="battle-history">Turn 12</h2><div class="spacer battle-history"><br></div><div class="battle-history">The opposing Freya used <strong>Earth Power</strong>!<br></div><div class="battle-history"><small>(Dr Phosphorus lost 25% of its health!)</small><br></div><div class="spacer battle-history"><br></div><div class="battle-history">Dr Phosphorus fainted!<br></div><div class="spacer battle-history"><br></div><div class="battle-history">Go! Savant (<strong>Lopunny</strong>)!<br></div><div class="spacer battle-history"><br></div><h2 class="battle-history">Turn 13</h2><div class="spacer battle-history"><br></div><div class="battle-history">Doctashock withdrew Freya!<br></div><div class="battle-history">Doctashock sent out Dumb Bird (<strong>Ho-Oh</strong>)!<br></div><div class="spacer battle-history"><br></div><div class="battle-history"><small>Savant's Lopunnite is reacting to the Key Stone!</small><br>Savant has Mega Evolved into Mega Lopunny!<br></div><div class="spacer battle-history"><br></div><div class="battle-history">Savant used <strong>Fake Out</strong>!<br></div><div class="battle-history"><small>A critical hit!</small><br></div><div class="battle-history"><small>(The opposing Dumb Bird lost 22% of its health!)</small><br></div><div class="spacer battle-history"><br></div><h2 class="battle-history">Turn 14</h2><div class="spacer battle-history"><br></div><div class="battle-history">Savant used <strong>U-turn</strong>!<br></div><div class="battle-history"><small>It's not very effective...</small><br></div><div class="battle-history"><small>(The opposing Dumb Bird lost 4% of its health!)</small><br></div><div class="spacer battle-history"><br></div><div class="battle-history">Savant went back to Crown Oji!<br></div><div class="battle-history">Go! Calendar man (<strong>Lycanroc-Dusk</strong>)!<br></div><div class="spacer battle-history"><br></div><div class="battle-history">The opposing Dumb Bird used <strong>Sacred Fire</strong>!<br></div><div class="battle-history"><small>Calendar man avoided the attack!</small><br></div><div class="spacer battle-history"><br></div><h2 class="battle-history">Turn 15</h2><div class="spacer battle-history"><br></div><div class="battle-history">Doctashock withdrew Dumb Bird!<br></div><div class="battle-history">Doctashock sent out Silver Surfer (<strong>Gholdengo</strong>)!<br></div><div class="spacer battle-history"><br></div><div class="battle-history">Calendar man used <strong>Stone Edge</strong>!<br></div><div class="battle-history"><small>The opposing Silver Surfer avoided the attack!</small><br></div><div class="spacer battle-history"><br></div><h2 class="battle-history">Turn 16</h2><div class="spacer battle-history"><br></div><div class="battle-history">Calendar man used <strong>Drill Run</strong>!<br></div><div class="battle-history"><small>It's super effective!</small><br></div><div class="battle-history"><small>(The opposing Silver Surfer lost 73% of its health!)</small><br></div><div class="spacer battle-history"><br></div><div class="battle-history">The opposing Silver Surfer used <strong>Shadow Ball</strong>!<br></div><div class="battle-history"><small>(Calendar man lost 82% of its health!)</small><br></div><div class="battle-history"><small>Calendar man's Sp. Def fell!</small><br></div><div class="battle-history"><small>(Calendar man ate its Liechi Berry!)</small><br></div><div class="battle-history"><small>The Liechi Berry raised Calendar man's Attack!</small><br></div><div class="spacer battle-history"><br></div><div class="battle-history"><small>The opposing Silver Surfer restored a little HP using its Leftovers!</small><br></div><div class="spacer battle-history"><br></div><h2 class="battle-history">Turn 17</h2><div class="spacer battle-history"><br></div><div class="battle-history">Calendar man used <strong>Drill Run</strong>!<br></div><div class="battle-history"><small>It's super effective!</small><br></div><div class="battle-history"><small>(The opposing Silver Surfer lost 33% of its health!)</small><br></div><div class="spacer battle-history"><br></div><div class="battle-history">The opposing Silver Surfer fainted!<br></div><div class="spacer battle-history"><br></div><div class="battle-history">Doctashock sent out Riptide (<strong>Palkia</strong>)!<br></div><div class="battle-history">[The opposing Riptide's Pressure]<br><small>The opposing Riptide is exerting its pressure!</small><br></div><div class="spacer battle-history"><br></div><h2 class="battle-history">Turn 18</h2><div class="spacer battle-history"><br></div><div class="battle-history">Calendar man used <strong>Accelerock</strong>!<br></div><div class="battle-history"><small>(The opposing Riptide lost 43% of its health!)</small><br></div><div class="spacer battle-history"><br></div><div class="battle-history">The opposing Riptide used <strong>Earth Power</strong>!<br></div><div class="battle-history"><small>It's super effective!</small><br></div><div class="battle-history"><small>(Calendar man lost 18% of its health!)</small><br></div><div class="spacer battle-history"><br></div><div class="battle-history">Calendar man fainted!<br></div><div class="spacer battle-history"><br></div><div class="battle-history">Go! Savant (<strong>Lopunny-Mega</strong>)!<br></div><div class="spacer battle-history"><br></div><h2 class="battle-history">Turn 19</h2><div class="spacer battle-history"><br></div><div class="battle-history">Doctashock withdrew Riptide!<br></div><div class="battle-history">Doctashock sent out Dumb Bird (<strong>Ho-Oh</strong>)!<br></div><div class="spacer battle-history"><br></div><div class="battle-history">Savant used <strong>Close Combat</strong>!<br></div><div class="battle-history"><small>It's not very effective...</small><br></div><div class="battle-history"><small>(The opposing Dumb Bird lost 19% of its health!)</small><br></div><div class="battle-history"><small>Savant's Defense fell!</small><br></div><div class="battle-history"><small>Savant's Sp. Def fell!</small><br></div><div class="spacer battle-history"><br></div><h2 class="battle-history">Turn 20</h2><div class="spacer battle-history"><br></div><div class="battle-history">Savant used <strong>U-turn</strong>!<br></div><div class="battle-history"><small>It's not very effective...</small><br></div><div class="battle-history"><small>(The opposing Dumb Bird lost 3% of its health!)</small><br></div><div class="spacer battle-history"><br></div><div class="battle-history">Savant went back to Crown Oji!<br></div><div class="battle-history">Go! The Phantasm (<strong>Blacephalon</strong>)!<br></div><div class="spacer battle-history"><br></div><div class="battle-history">The opposing Dumb Bird used <strong>Brave Bird</strong>!<br></div><div class="battle-history"><small>(The Phantasm lost 100% of its health!)</small><br></div><div class="spacer battle-history"><br></div><div class="battle-history">The Phantasm fainted!<br></div><div class="battle-history"><small>The opposing Dumb Bird was damaged by the recoil!</small><br></div><div class="spacer battle-history"><br></div><div class="battle-history">Go! Savant (<strong>Lopunny-Mega</strong>)!<br></div><div class="spacer battle-history"><br></div><h2 class="battle-history">Turn 21</h2><div class="chat"><small> 25Days joined</small></div><div class="spacer battle-history"><br></div><div class="battle-history">Doctashock withdrew Dumb Bird!<br></div><div class="battle-history">Doctashock sent out Mr Bongos (<strong>Conkeldurr</strong>)!<br></div><div class="spacer battle-history"><br></div><div class="battle-history">Savant used <strong>Fake Out</strong>!<br></div><div class="battle-history"><small>(The opposing Mr Bongos lost 18% of its health!)</small><br></div><div class="spacer battle-history"><br></div><div class="battle-history"><small>The opposing Mr Bongos was burned by the Flame Orb!</small><br></div><div class="spacer battle-history"><br></div><h2 class="battle-history">Turn 22</h2><div class="spacer battle-history"><br></div><div class="battle-history">Savant used <strong>Close Combat</strong>!<br></div><div class="battle-history"><small>(The opposing Mr Bongos lost 57% of its health!)</small><br></div><div class="battle-history"><small>Savant's Defense fell!</small><br></div><div class="battle-history"><small>Savant's Sp. Def fell!</small><br></div><div class="spacer battle-history"><br></div><div class="battle-history">The opposing Mr Bongos used <strong>Drain Punch</strong>!<br></div><div class="battle-history"><small>It's super effective!</small><br></div><div class="battle-history"><small>(Savant lost 100% of its health!)</small><br></div><div class="battle-history"><small>Savant had its energy drained!</small><br></div><div class="spacer battle-history"><br></div><div class="battle-history">Savant fainted!<br></div><div class="spacer battle-history"><br></div><div class="battle-history"><strong>Doctashock</strong> won the battle!<br></div><div class="chat chatmessage-doctashock"><strong style="color:#15a4c7"><small class="groupsymbol">☆</small><span class="username">Doctashock</span>:</strong> <em>ggs</em></div><div class="chat chatmessage-crownoji"><strong style="color:#bf1d4a"><small class="groupsymbol">☆</small><span class="username">Crown Oji</span>:</strong> <em>gg</em></div><div class="chat chatmessage-tomkeap"><strong style="color:#416faf"><small class="groupsymbol"> </small><span class="username">tomkeap</span>:</strong> <em>ggs!</em></div></div><div class="inner-preempt message-log"></div></div></div>
</div>
<script>
let daily = Math.floor(Date.now()/1000/60/60/24);document.write('<script src="https://play.pokemonshowdown.com/js/replay-embed.js?version'+daily+'"></'+'script>');
</script>
