<!DOCTYPE html>
<meta charset="utf-8" />
<!-- version 1 -->
<title>[Gen 9] NatDex Draft replay: mukmuk1 vs. frog34</title>
<style>
html,body {font-family:Verdana, sans-serif;font-size:10pt;margin:0;padding:0;}body{padding:12px 0;} .battle-log {font-family:Verdana, sans-serif;font-size:10pt;} .battle-log-inline {border:1px solid #AAAAAA;background:#EEF2F5;color:black;max-width:640px;margin:0 auto 80px;padding-bottom:5px;} .battle-log .inner {padding:4px 8px 0px 8px;} .battle-log .inner-preempt {padding:0 8px 4px 8px;} .battle-log .inner-after {margin-top:0.5em;} .battle-log h2 {margin:0.5em -8px;padding:4px 8px;border:1px solid #AAAAAA;background:#E0E7EA;border-left:0;border-right:0;font-family:Verdana, sans-serif;font-size:13pt;} .battle-log .chat {vertical-align:middle;padding:3px 0 3px 0;font-size:8pt;} .battle-log .chat strong {color:#40576A;} .battle-log .chat em {padding:1px 4px 1px 3px;color:#000000;font-style:normal;} .chat.mine {background:rgba(0,0,0,0.05);margin-left:-8px;margin-right:-8px;padding-left:8px;padding-right:8px;} .spoiler {color:#BBBBBB;background:#BBBBBB;padding:0px 3px;} .spoiler:hover, .spoiler:active, .spoiler-shown {color:#000000;background:#E2E2E2;padding:0px 3px;} .spoiler a {color:#BBBBBB;} .spoiler:hover a, .spoiler:active a, .spoiler-shown a {color:#2288CC;} .chat code, .chat .spoiler:hover code, .chat .spoiler:active code, .chat .spoiler-shown code {border:1px solid #C0C0C0;background:#EEEEEE;color:black;padding:0 2px;} .chat .spoiler code {border:1px solid #CCCCCC;background:#CCCCCC;color:#CCCCCC;} .battle-log .rated {padding:3px 4px;} .battle-log .rated strong {color:white;background:#89A;padding:1px 4px;border-radius:4px;} .spacer {margin-top:0.5em;} .message-announce {background:#6688AA;color:white;padding:1px 4px 2px;} .message-announce a, .broadcast-green a, .broadcast-blue a, .broadcast-red a {color:#DDEEFF;} .broadcast-green {background-color:#559955;color:white;padding:2px 4px;} .broadcast-blue {background-color:#6688AA;color:white;padding:2px 4px;} .infobox {border:1px solid #6688AA;padding:2px 4px;} .infobox-limited {max-height:200px;overflow:auto;overflow-x:hidden;} .broadcast-red {background-color:#AA5544;color:white;padding:2px 4px;} .message-learn-canlearn {font-weight:bold;color:#228822;text-decoration:underline;} .message-learn-cannotlearn {font-weight:bold;color:#CC2222;text-decoration:underline;} .message-effect-weak {font-weight:bold;color:#CC2222;} .message-effect-resist {font-weight:bold;color:#6688AA;} .message-effect-immune {font-weight:bold;color:#666666;} .message-learn-list {margin-top:0;margin-bottom:0;} .message-throttle-notice, .message-error {color:#992222;} .message-overflow, .chat small.message-overflow {font-size:0pt;} .message-overflow::before {font-size:9pt;content:'...';} .subtle {color:#3A4A66;}
</style>
<div class="wrapper replay-wrapper" style="max-width:1180px;margin:0 auto">
<input type="hidden" name="replayid" value="gen9natdexdraft-2448125157" />
<div class="battle"></div><div class="battle-log"></div><div class="replay-controls"></div><div class="replay-controls-2"></div>
<h1 style="font-weight:normal;text-align:center"><strong>[Gen 9] NatDex Draft</strong><br /><a href="http://pokemonshowdown.com/users/mukmuk1" class="subtle" target="_blank">mukmuk1</a> vs. <a href="http://pokemonshowdown.com/users/frog34" class="subtle" target="_blank">frog34</a></h1>
<script type="text/plain" class="battle-log-data">
|j|☆mukmuk1
|j|☆frog34
|t:|1758686981
|gametype|singles
|player|p1|mukmuk1|brycenman|
|player|p2|frog34|waiter-gen4dp|
|gen|9
|tier|[Gen 9] NatDex Draft
|rule|Tera Type Preview: Tera Types are shown at Team Preview
|rule|Sleep Clause Mod: Limit one foe put to sleep
|rule|OHKO Clause: OHKO moves are banned
|rule|Evasion Clause: Evasion abilities, items, and moves are banned
|rule|Evasion Abilities Clause: Evasion abilities are banned
|rule|Evasion Items Clause: Evasion items are banned
|rule|Evasion Moves Clause: Evasion moves are banned
|rule|Endless Battle Clause: Forcing endless battles is banned
|rule|HP Percentage Mod: HP is shown in percentages
|raw|<div class="infobox"><details class="readmore" open><summary><strong>1 custom rule:<\/strong><\/summary> Tera Type Preview<\/details><\/div>
|clearpoke
|poke|p1|Zygarde|
|poke|p1|Whimsicott, F|
|poke|p1|Togekiss, F|
|poke|p1|Tapu Koko|
|poke|p1|Iron Valiant|
|poke|p1|Ninetales-Alola, F|
|poke|p2|Groudon|
|poke|p2|Venusaur, F|
|poke|p2|Heatran, F|
|poke|p2|Raging Bolt|
|poke|p2|Mew|
|poke|p2|Dialga|
|raw|mukmuk1's Tera Types:<br \/><psicon pokemon="zygarde" \/><psicon type="Dragon" \/> \/ <psicon pokemon="whimsicott" \/><psicon type="Grass" \/> \/ <psicon pokemon="togekiss" \/><psicon type="Fire" \/> \/ <psicon pokemon="tapukoko" \/><psicon type="Electric" \/> \/ <psicon pokemon="ironvaliant" \/><psicon type="Dark" \/> \/ <psicon pokemon="ninetalesalola" \/><psicon type="Ice" \/>
|raw|frog34's Tera Types:<br \/><psicon pokemon="groudon" \/><psicon type="Ground" \/> \/ <psicon pokemon="venusaur" \/><psicon type="Grass" \/> \/ <psicon pokemon="heatran" \/><psicon type="Fire" \/> \/ <psicon pokemon="ragingbolt" \/><psicon type="Fairy" \/> \/ <psicon pokemon="mew" \/><psicon type="Psychic" \/> \/ <psicon pokemon="dialga" \/><psicon type="Steel" \/>
|teampreview
|j| serendipidu
|j| ChillerFrost
|j| 25Days
|j| phantom0rion
|
|t:|1758687048
|teamsize|p1|6
|teamsize|p2|6
|start
|switch|p1a: Whimsicott|Whimsicott, F|100\/100
|switch|p2a: Venusaur|Venusaur, F|100\/100
|turn|1
|c|☆frog34|!servertime
|c| frog34|\/raw <div class="infobox">Server time: <b>9\/24\/2025, 4:10:50 AM<\/b><\/div>
|
|t:|1758687059
|detailschange|p2a: Venusaur|Venusaur-Mega, F
|-mega|p2a: Venusaur|Venusaur|Venusaurite
|move|p1a: Whimsicott|Stun Spore|p2a: Venusaur
|-immune|p2a: Venusaur
|move|p2a: Venusaur|Sludge Bomb|p1a: Whimsicott
|-supereffective|p1a: Whimsicott
|-damage|p1a: Whimsicott|0 fnt
|faint|p1a: Whimsicott
|
|upkeep
|j| Conundromic
|
|t:|1758687085
|switch|p1a: Zygarde|Zygarde|100\/100
|-ability|p1a: Zygarde|Aura Break
|turn|2
|j| Doctashock
|
|t:|1758687104
|switch|p2a: Mew|Mew|100\/100
|move|p1a: Zygarde|Substitute|p1a: Zygarde
|-start|p1a: Zygarde|Substitute
|-damage|p1a: Zygarde|76\/100
|
|-heal|p1a: Zygarde|82\/100|[from] item: Leftovers
|upkeep
|turn|3
|
|t:|1758687113
|move|p2a: Mew|Imprison|p2a: Mew
|-start|p2a: Mew|move: Imprison
|move|p1a: Zygarde|Glare|p2a: Mew
|-status|p2a: Mew|par
|-activate|p2a: Mew|ability: Synchronize
|-status|p1a: Zygarde|par
|
|-heal|p1a: Zygarde|88\/100 par|[from] item: Leftovers
|upkeep
|turn|4
|
|t:|1758687129
|move|p2a: Mew|Block||[still]
|-fail|p2a: Mew
|move|p1a: Zygarde|Thousand Arrows|p2a: Mew
|-damage|p2a: Mew|76\/100 par
|
|-heal|p2a: Mew|82\/100 par|[from] item: Leftovers
|-heal|p1a: Zygarde|94\/100 par|[from] item: Leftovers
|upkeep
|turn|5
|
|t:|1758687137
|move|p2a: Mew|Transform||[still]
|-fail|p2a: Mew
|move|p1a: Zygarde|Dragon Dance|p1a: Zygarde
|-boost|p1a: Zygarde|atk|1
|-boost|p1a: Zygarde|spe|1
|
|-heal|p1a: Zygarde|100\/100 par|[from] item: Leftovers
|-heal|p2a: Mew|88\/100 par|[from] item: Leftovers
|upkeep
|turn|6
|
|t:|1758687151
|switch|p2a: Venusaur|Venusaur-Mega, F|100\/100
|move|p1a: Zygarde|Dragon Dance|p1a: Zygarde
|-boost|p1a: Zygarde|atk|1
|-boost|p1a: Zygarde|spe|1
|
|upkeep
|turn|7
|
|t:|1758687157
|move|p1a: Zygarde|Glare|p2a: Venusaur
|-status|p2a: Venusaur|par
|cant|p2a: Venusaur|par
|
|upkeep
|turn|8
|
|t:|1758687162
|move|p1a: Zygarde|Dragon Dance|p1a: Zygarde
|-boost|p1a: Zygarde|atk|1
|-boost|p1a: Zygarde|spe|1
|move|p2a: Venusaur|Giga Drain|p1a: Zygarde
|-end|p1a: Zygarde|Substitute
|
|upkeep
|turn|9
|
|t:|1758687169
|move|p1a: Zygarde|Substitute|p1a: Zygarde
|-start|p1a: Zygarde|Substitute
|-damage|p1a: Zygarde|76\/100 par
|move|p2a: Venusaur|Giga Drain|p1a: Zygarde
|-end|p1a: Zygarde|Substitute
|
|-heal|p1a: Zygarde|82\/100 par|[from] item: Leftovers
|upkeep
|turn|10
|
|t:|1758687176
|move|p1a: Zygarde|Substitute|p1a: Zygarde
|-start|p1a: Zygarde|Substitute
|-damage|p1a: Zygarde|57\/100 par
|move|p2a: Venusaur|Giga Drain|p1a: Zygarde
|-activate|p1a: Zygarde|move: Substitute|[damage]
|
|-heal|p1a: Zygarde|63\/100 par|[from] item: Leftovers
|upkeep
|turn|11
|
|t:|1758687190
|move|p1a: Zygarde|Dragon Dance|p1a: Zygarde
|-boost|p1a: Zygarde|atk|1
|-boost|p1a: Zygarde|spe|1
|move|p2a: Venusaur|Giga Drain|p1a: Zygarde
|-end|p1a: Zygarde|Substitute
|
|-heal|p1a: Zygarde|69\/100 par|[from] item: Leftovers
|upkeep
|turn|12
|
|t:|1758687202
|move|p1a: Zygarde|Substitute|p1a: Zygarde
|-start|p1a: Zygarde|Substitute
|-damage|p1a: Zygarde|45\/100 par
|move|p2a: Venusaur|Giga Drain|p1a: Zygarde
|-end|p1a: Zygarde|Substitute
|
|-heal|p1a: Zygarde|51\/100 par|[from] item: Leftovers
|upkeep
|turn|13
|
|t:|1758687208
|move|p1a: Zygarde|Substitute|p1a: Zygarde
|-start|p1a: Zygarde|Substitute
|-damage|p1a: Zygarde|26\/100 par
|move|p2a: Venusaur|Giga Drain|p1a: Zygarde
|-crit|p1a: Zygarde
|-end|p1a: Zygarde|Substitute
|
|-heal|p1a: Zygarde|32\/100 par|[from] item: Leftovers
|upkeep
|turn|14
|
|t:|1758687216
|cant|p1a: Zygarde|par
|move|p2a: Venusaur|Giga Drain|p1a: Zygarde
|-damage|p1a: Zygarde|4\/100 par
|
|-heal|p1a: Zygarde|11\/100 par|[from] item: Leftovers
|upkeep
|turn|15
|
|t:|1758687222
|move|p1a: Zygarde|Thousand Arrows|p2a: Venusaur
|-damage|p2a: Venusaur|14\/100 par
|move|p2a: Venusaur|Giga Drain|p1a: Zygarde
|-damage|p1a: Zygarde|0 fnt
|-heal|p2a: Venusaur|20\/100 par|[from] drain|[of] p1a: Zygarde
|faint|p1a: Zygarde
|
|upkeep
|
|t:|1758687231
|switch|p1a: Tapu Koko|Tapu Koko|100\/100
|-fieldstart|move: Electric Terrain|[from] ability: Electric Surge|[of] p1a: Tapu Koko
|turn|16
|
|t:|1758687246
|switch|p2a: Raging Bolt|Raging Bolt|100\/100
|-enditem|p2a: Raging Bolt|Booster Energy
|-activate|p2a: Raging Bolt|ability: Protosynthesis|[fromitem]
|-start|p2a: Raging Bolt|protosynthesisspa
|move|p1a: Tapu Koko|Dazzling Gleam|p2a: Raging Bolt
|-supereffective|p2a: Raging Bolt
|-damage|p2a: Raging Bolt|3\/100
|
|upkeep
|turn|17
|
|t:|1758687255
|move|p2a: Raging Bolt|Thunderclap|p1a: Tapu Koko
|-resisted|p1a: Tapu Koko
|-damage|p1a: Tapu Koko|44\/100
|move|p1a: Tapu Koko|Dazzling Gleam|p2a: Raging Bolt
|-supereffective|p2a: Raging Bolt
|-damage|p2a: Raging Bolt|0 fnt
|faint|p2a: Raging Bolt
|-end|p2a: Raging Bolt|Protosynthesis|[silent]
|
|upkeep
|
|t:|1758687269
|switch|p2a: Groudon|Groudon|100\/100
|-weather|SunnyDay|[from] ability: Drought|[of] p2a: Groudon
|turn|18
|
|t:|1758687278
|move|p1a: Tapu Koko|Dazzling Gleam|p2a: Groudon
|-damage|p2a: Groudon|48\/100
|move|p2a: Groudon|Rock Polish|p2a: Groudon
|-boost|p2a: Groudon|spe|2
|
|-weather|SunnyDay|[upkeep]
|upkeep
|turn|19
|
|t:|1758687301
|move|p2a: Groudon|Precipice Blades|p1a: Tapu Koko
|-supereffective|p1a: Tapu Koko
|-damage|p1a: Tapu Koko|0 fnt
|faint|p1a: Tapu Koko
|
|-weather|SunnyDay|[upkeep]
|upkeep
|
|t:|1758687310
|switch|p1a: Ninetales|Ninetales-Alola, F|100\/100
|-weather|Snowscape|[from] ability: Snow Warning|[of] p1a: Ninetales
|turn|20
|
|t:|1758687316
|move|p1a: Ninetales|Blizzard|p2a: Groudon
|-supereffective|p2a: Groudon
|-damage|p2a: Groudon|0 fnt
|faint|p2a: Groudon
|
|-weather|Snowscape|[upkeep]
|-fieldend|move: Electric Terrain
|upkeep
|
|t:|1758687321
|switch|p2a: Heatran|Heatran, F|100\/100
|-item|p2a: Heatran|Air Balloon
|turn|21
|
|t:|1758687328
|switch|p1a: Togekiss|Togekiss, F|100\/100
|move|p2a: Heatran|Stealth Rock|p1a: Togekiss
|-sidestart|p1: mukmuk1|move: Stealth Rock
|
|-weather|Snowscape|[upkeep]
|upkeep
|turn|22
|
|t:|1758687338
|switch|p2a: Venusaur|Venusaur-Mega, F|20\/100 par
|move|p1a: Togekiss|Thunder Wave|p2a: Venusaur
|-fail|p2a: Venusaur|par
|
|-weather|Snowscape|[upkeep]
|upkeep
|turn|23
|
|t:|1758687346
|move|p1a: Togekiss|Air Slash|p2a: Venusaur
|-supereffective|p2a: Venusaur
|-crit|p2a: Venusaur
|-damage|p2a: Venusaur|0 fnt
|faint|p2a: Venusaur
|detailschange|p2: Venusaur|Venusaur, F|[silent]
|
|-weather|Snowscape|[upkeep]
|upkeep
|
|t:|1758687367
|switch|p2a: Mew|Mew|88\/100 par
|turn|24
|
|t:|1758687372
|move|p1a: Togekiss|Air Slash|p2a: Mew
|-crit|p2a: Mew
|-damage|p2a: Mew|38\/100 par
|cant|p2a: Mew|flinch
|
|-weather|none
|-heal|p2a: Mew|44\/100 par|[from] item: Leftovers
|upkeep
|turn|25
|
|t:|1758687380
|move|p1a: Togekiss|Air Slash|p2a: Mew
|-damage|p2a: Mew|13\/100 par
|cant|p2a: Mew|flinch
|
|-heal|p2a: Mew|19\/100 par|[from] item: Leftovers
|upkeep
|turn|26
|
|t:|1758687387
|move|p1a: Togekiss|Dazzling Gleam|p2a: Mew
|-damage|p2a: Mew|0 fnt
|faint|p2a: Mew
|
|upkeep
|
|t:|1758687389
|switch|p2a: Heatran|Heatran, F|100\/100
|-item|p2a: Heatran|Air Balloon
|turn|27
|l| 25Days
|j| 25Days
|
|t:|1758687411
|-terastallize|p1a: Togekiss|Fire
|move|p1a: Togekiss|Thunder Wave|p2a: Heatran|[miss]
|-miss|p1a: Togekiss|p2a: Heatran
|move|p2a: Heatran|Flash Cannon|p1a: Togekiss
|-resisted|p1a: Togekiss
|-damage|p1a: Togekiss|85\/100
|
|-heal|p1a: Togekiss|92\/100|[from] item: Leftovers
|upkeep
|turn|28
|
|t:|1758687419
|move|p1a: Togekiss|Thunder Wave|p2a: Heatran|[miss]
|-miss|p1a: Togekiss|p2a: Heatran
|move|p2a: Heatran|Taunt|p1a: Togekiss
|-start|p1a: Togekiss|move: Taunt
|
|-heal|p1a: Togekiss|98\/100|[from] item: Leftovers
|upkeep
|turn|29
|
|t:|1758687426
|move|p1a: Togekiss|Air Slash|p2a: Heatran
|-resisted|p2a: Heatran
|-damage|p2a: Heatran|84\/100
|-enditem|p2a: Heatran|Air Balloon
|cant|p2a: Heatran|flinch
|
|-heal|p1a: Togekiss|100\/100|[from] item: Leftovers
|upkeep
|turn|30
|
|t:|1758687433
|move|p1a: Togekiss|Air Slash|p2a: Heatran
|-resisted|p2a: Heatran
|-damage|p2a: Heatran|65\/100
|cant|p2a: Heatran|flinch
|
|upkeep
|turn|31
|
|t:|1758687438
|move|p1a: Togekiss|Air Slash|p2a: Heatran
|-resisted|p2a: Heatran
|-damage|p2a: Heatran|47\/100
|cant|p2a: Heatran|flinch
|
|-end|p1a: Togekiss|move: Taunt
|upkeep
|turn|32
|
|t:|1758687452
|switch|p2a: Dialga|Dialga|100\/100
|-ability|p2a: Dialga|Pressure
|move|p1a: Togekiss|Air Slash|p2a: Dialga
|-resisted|p2a: Dialga
|-damage|p2a: Dialga|80\/100
|
|upkeep
|turn|33
|
|t:|1758687459
|move|p2a: Dialga|Thunder Wave|p1a: Togekiss
|-status|p1a: Togekiss|par
|move|p1a: Togekiss|Thunder Wave|p2a: Dialga|[miss]
|-miss|p1a: Togekiss|p2a: Dialga
|
|upkeep
|turn|34
|
|t:|1758687465
|switch|p2a: Heatran|Heatran, F|47\/100
|cant|p1a: Togekiss|par
|
|upkeep
|turn|35
|
|t:|1758687472
|move|p2a: Heatran|Taunt|p1a: Togekiss
|-start|p1a: Togekiss|move: Taunt
|cant|p1a: Togekiss|move: Taunt|Thunder Wave
|
|upkeep
|turn|36
|
|t:|1758687478
|move|p2a: Heatran|Flash Cannon|p1a: Togekiss
|-resisted|p1a: Togekiss
|-damage|p1a: Togekiss|85\/100 par
|cant|p1a: Togekiss|par
|
|-heal|p1a: Togekiss|91\/100 par|[from] item: Leftovers
|upkeep
|turn|37
|
|t:|1758687484
|move|p2a: Heatran|Flash Cannon|p1a: Togekiss
|-resisted|p1a: Togekiss
|-damage|p1a: Togekiss|76\/100 par
|move|p1a: Togekiss|Air Slash|p2a: Heatran
|-resisted|p2a: Heatran
|-damage|p2a: Heatran|31\/100
|
|-heal|p1a: Togekiss|82\/100 par|[from] item: Leftovers
|-end|p1a: Togekiss|move: Taunt
|upkeep
|turn|38
|
|t:|1758687494
|move|p2a: Heatran|Flash Cannon|p1a: Togekiss
|-resisted|p1a: Togekiss
|-damage|p1a: Togekiss|67\/100 par
|cant|p1a: Togekiss|par
|
|-heal|p1a: Togekiss|73\/100 par|[from] item: Leftovers
|upkeep
|turn|39
|
|t:|1758687501
|move|p2a: Heatran|Flash Cannon|p1a: Togekiss
|-resisted|p1a: Togekiss
|-damage|p1a: Togekiss|58\/100 par
|move|p1a: Togekiss|Air Slash|p2a: Heatran
|-resisted|p2a: Heatran
|-damage|p2a: Heatran|14\/100
|
|-heal|p1a: Togekiss|64\/100 par|[from] item: Leftovers
|upkeep
|turn|40
|
|t:|1758687508
|move|p2a: Heatran|Taunt|p1a: Togekiss
|-start|p1a: Togekiss|move: Taunt
|move|p1a: Togekiss|Air Slash|p2a: Heatran
|-resisted|p2a: Heatran
|-damage|p2a: Heatran|0 fnt
|faint|p2a: Heatran
|
|-heal|p1a: Togekiss|70\/100 par|[from] item: Leftovers
|upkeep
|
|t:|1758687510
|switch|p2a: Dialga|Dialga|80\/100
|-ability|p2a: Dialga|Pressure
|turn|41
|
|t:|1758687519
|move|p2a: Dialga|Flash Cannon|p1a: Togekiss
|-resisted|p1a: Togekiss
|-damage|p1a: Togekiss|51\/100 par
|cant|p1a: Togekiss|par
|
|-heal|p1a: Togekiss|57\/100 par|[from] item: Leftovers
|upkeep
|turn|42
|
|t:|1758687525
|move|p2a: Dialga|Flash Cannon|p1a: Togekiss
|-resisted|p1a: Togekiss
|-damage|p1a: Togekiss|37\/100 par
|cant|p1a: Togekiss|par
|
|-heal|p1a: Togekiss|43\/100 par|[from] item: Leftovers
|-end|p1a: Togekiss|move: Taunt
|upkeep
|turn|43
|
|t:|1758687533
|move|p2a: Dialga|Flash Cannon|p1a: Togekiss
|-resisted|p1a: Togekiss
|-damage|p1a: Togekiss|23\/100 par
|move|p1a: Togekiss|Thunder Wave|p2a: Dialga
|-status|p2a: Dialga|par
|
|-heal|p1a: Togekiss|29\/100 par|[from] item: Leftovers
|upkeep
|turn|44
|
|t:|1758687540
|move|p2a: Dialga|Flash Cannon|p1a: Togekiss
|-resisted|p1a: Togekiss
|-damage|p1a: Togekiss|8\/100 par
|-unboost|p1a: Togekiss|spd|1
|move|p1a: Togekiss|Flamethrower|p2a: Dialga
|-damage|p2a: Dialga|35\/100 par
|
|-heal|p1a: Togekiss|14\/100 par|[from] item: Leftovers
|upkeep
|turn|45
|
|t:|1758687548
|move|p2a: Dialga|Flash Cannon|p1a: Togekiss
|-resisted|p1a: Togekiss
|-damage|p1a: Togekiss|0 fnt
|faint|p1a: Togekiss
|
|upkeep
|
|t:|1758687550
|switch|p1a: Iron Valiant|Iron Valiant|100\/100
|-damage|p1a: Iron Valiant|94\/100|[from] Stealth Rock
|turn|46
|
|t:|1758687553
|move|p1a: Iron Valiant|Close Combat|p2a: Dialga
|-supereffective|p2a: Dialga
|-damage|p2a: Dialga|0 fnt
|-unboost|p1a: Iron Valiant|def|1
|-unboost|p1a: Iron Valiant|spd|1
|faint|p2a: Dialga
|
|win|mukmuk1
|c|☆mukmuk1|gg
|c|☆frog34|gg
|l| phantom0rion

</script>
</div>
<div class="battle-log battle-log-inline"><div class="inner"><div class="battle-options"></div><div class="inner message-log"><div class="chat"><small>☆mukmuk1 and ☆frog34 joined</small></div><div class=""><small>Format:</small> <br><strong>[Gen 9] NatDex Draft</strong></div><div class=""><small><em>Tera Type Preview:</em> Tera Types are shown at Team Preview</small></div><div class=""><small><em>Sleep Clause Mod:</em> Limit one foe put to sleep</small></div><div class=""><small><em>OHKO Clause:</em> OHKO moves are banned</small></div><div class=""><small><em>Evasion Clause:</em> Evasion abilities, items, and moves are banned</small></div><div class=""><small><em>Evasion Abilities Clause:</em> Evasion abilities are banned</small></div><div class=""><small><em>Evasion Items Clause:</em> Evasion items are banned</small></div><div class=""><small><em>Evasion Moves Clause:</em> Evasion moves are banned</small></div><div class=""><small><em>Endless Battle Clause:</em> Forcing endless battles is banned</small></div><div class=""><small><em>HP Percentage Mod:</em> HP is shown in percentages</small></div><div class="chat"><div class="infobox"><details class="readmore" open=""><summary><strong>1 custom rule:</strong></summary> Tera Type Preview</details></div></div><div class="chat">mukmuk1's Tera Types:<br><span class="picon" style="background:transparent url(https://play.pokemonshowdown.com/sprites/pokemonicons-sheet.png?v19) no-repeat scroll -400px -1770px"></span><img src="https://play.pokemonshowdown.com/sprites/types/Dragon.png" alt="Dragon" height="14" width="32" class="pixelated"> / <span class="picon" style="background:transparent url(https://play.pokemonshowdown.com/sprites/pokemonicons-sheet.png?v19) no-repeat scroll -280px -1350px"></span><img src="https://play.pokemonshowdown.com/sprites/types/Grass.png" alt="Grass" height="14" width="32" class="pixelated"> / <span class="picon" style="background:transparent url(https://play.pokemonshowdown.com/sprites/pokemonicons-sheet.png?v19) no-repeat scroll -0px -1170px"></span><img src="https://play.pokemonshowdown.com/sprites/types/Fire.png" alt="Fire" height="14" width="32" class="pixelated"> / <span class="picon" style="background:transparent url(https://play.pokemonshowdown.com/sprites/pokemonicons-sheet.png?v19) no-repeat scroll -200px -1950px"></span><img src="https://play.pokemonshowdown.com/sprites/types/Electric.png" alt="Electric" height="14" width="32" class="pixelated"> / <span class="picon" style="background:transparent url(https://play.pokemonshowdown.com/sprites/pokemonicons-sheet.png?v19) no-repeat scroll -400px -2490px"></span><img src="https://play.pokemonshowdown.com/sprites/types/Dark.png" alt="Dark" height="14" width="32" class="pixelated"> / <span class="picon" style="background:transparent url(https://play.pokemonshowdown.com/sprites/pokemonicons-sheet.png?v19) no-repeat scroll -200px -2880px"></span><img src="https://play.pokemonshowdown.com/sprites/types/Ice.png" alt="Ice" height="14" width="32" class="pixelated"></div><div class="chat">frog34's Tera Types:<br><span class="picon" style="background:transparent url(https://play.pokemonshowdown.com/sprites/pokemonicons-sheet.png?v19) no-repeat scroll -440px -930px"></span><img src="https://play.pokemonshowdown.com/sprites/types/Ground.png" alt="Ground" height="14" width="32" class="pixelated"> / <span class="picon" style="background:transparent url(https://play.pokemonshowdown.com/sprites/pokemonicons-sheet.png?v19) no-repeat scroll -120px -0px"></span><img src="https://play.pokemonshowdown.com/sprites/types/Grass.png" alt="Grass" height="14" width="32" class="pixelated"> / <span class="picon" style="background:transparent url(https://play.pokemonshowdown.com/sprites/pokemonicons-sheet.png?v19) no-repeat scroll -200px -1200px"></span><img src="https://play.pokemonshowdown.com/sprites/types/Fire.png" alt="Fire" height="14" width="32" class="pixelated"> / <span class="picon" style="background:transparent url(https://play.pokemonshowdown.com/sprites/pokemonicons-sheet.png?v19) no-repeat scroll -40px -2550px"></span><img src="https://play.pokemonshowdown.com/sprites/types/Fairy.png" alt="Fairy" height="14" width="32" class="pixelated"> / <span class="picon" style="background:transparent url(https://play.pokemonshowdown.com/sprites/pokemonicons-sheet.png?v19) no-repeat scroll -280px -360px"></span><img src="https://play.pokemonshowdown.com/sprites/types/Psychic.png" alt="Psychic" height="14" width="32" class="pixelated"> / <span class="picon" style="background:transparent url(https://play.pokemonshowdown.com/sprites/pokemonicons-sheet.png?v19) no-repeat scroll -120px -1200px"></span><img src="https://play.pokemonshowdown.com/sprites/types/Steel.png" alt="Steel" height="14" width="32" class="pixelated"></div><div class="chat battle-history"><strong>mukmuk1's team:</strong> <em style="color:#445566;display:block;">Zygarde / Whimsicott / Togekiss / Tapu Koko / Iron Valiant / Ninetales-Alola</em></div><div class="chat battle-history"><strong>frog34's team:</strong> <em style="color:#445566;display:block;">Groudon / Venusaur / Heatran / Raging Bolt / Mew / Dialga</em></div><div class="chat"><small> serendipidu,  ChillerFrost,  25Days, and  phantom0rion joined</small></div><div class="spacer battle-history"><br></div><div class="battle-history">Battle started between mukmuk1 and frog34!<br></div><div class="spacer battle-history"><br></div><div class="battle-history">Go! <strong>Whimsicott</strong>!<br></div><div class="spacer battle-history"><br></div><div class="battle-history">frog34 sent out <strong>Venusaur</strong>!<br></div><div class="spacer battle-history"><br></div><h2 class="battle-history">Turn 1</h2><div class="chat chatmessage-frog34"><strong style="color:#3fa716"><small class="groupsymbol">☆</small><span class="username">frog34</span>:</strong> <em>!servertime</em></div><div class="chat"><div class="infobox">Server time: <b>9/24/2025, 4:10:50 AM</b></div></div><div class="spacer battle-history"><br></div><div class="battle-history"><small>The opposing Venusaur's Venusaurite is reacting to the Key Stone!</small><br>The opposing Venusaur has Mega Evolved into Mega Venusaur!<br></div><div class="spacer battle-history"><br></div><div class="battle-history">Whimsicott used <strong>Stun Spore</strong>!<br></div><div class="battle-history"><small>It doesn't affect the opposing Venusaur...</small><br></div><div class="spacer battle-history"><br></div><div class="battle-history">The opposing Venusaur used <strong>Sludge Bomb</strong>!<br></div><div class="battle-history"><small>It's super effective!</small><br></div><div class="battle-history"><small>(Whimsicott lost 100% of its health!)</small><br></div><div class="spacer battle-history"><br></div><div class="battle-history">Whimsicott fainted!<br></div><div class="chat"><small> Conundromic joined</small></div><div class="spacer battle-history"><br></div><div class="battle-history">Go! <strong>Zygarde</strong>!<br></div><div class="battle-history">[Zygarde's Aura Break]<br><small>Zygarde reversed all other Pokémon's auras!</small><br></div><div class="spacer battle-history"><br></div><h2 class="battle-history">Turn 2</h2><div class="chat"><small> Doctashock joined</small></div><div class="spacer battle-history"><br></div><div class="battle-history">frog34 withdrew Venusaur!<br></div><div class="battle-history">frog34 sent out <strong>Mew</strong>!<br></div><div class="spacer battle-history"><br></div><div class="battle-history">Zygarde used <strong>Substitute</strong>!<br></div><div class="battle-history"><small>Zygarde put in a substitute!</small><br></div><div class="battle-history"><small>(Zygarde lost 24% of its health!)</small><br></div><div class="spacer battle-history"><br></div><div class="battle-history"><small>Zygarde restored a little HP using its Leftovers!</small><br></div><div class="spacer battle-history"><br></div><h2 class="battle-history">Turn 3</h2><div class="spacer battle-history"><br></div><div class="battle-history">The opposing Mew used <strong>Imprison</strong>!<br></div><div class="battle-history"><small>The opposing Mew sealed any moves its target shares with it!</small><br></div><div class="spacer battle-history"><br></div><div class="battle-history">Zygarde used <strong>Glare</strong>!<br></div><div class="battle-history"><small>The opposing Mew is paralyzed! It may be unable to move!</small><br></div><div class="battle-history">[The opposing Mew's Synchronize]<br></div><div class="battle-history"><small>Zygarde is paralyzed! It may be unable to move!</small><br></div><div class="spacer battle-history"><br></div><div class="battle-history"><small>Zygarde restored a little HP using its Leftovers!</small><br></div><div class="spacer battle-history"><br></div><h2 class="battle-history">Turn 4</h2><div class="spacer battle-history"><br></div><div class="battle-history">The opposing Mew used <strong>Block</strong>!<br></div><div class="battle-history"><small>But it failed!</small><br></div><div class="spacer battle-history"><br></div><div class="battle-history">Zygarde used <strong>Thousand Arrows</strong>!<br></div><div class="battle-history"><small>(The opposing Mew lost 24% of its health!)</small><br></div><div class="spacer battle-history"><br></div><div class="battle-history"><small>The opposing Mew restored a little HP using its Leftovers!</small><br></div><div class="battle-history"><small>Zygarde restored a little HP using its Leftovers!</small><br></div><div class="spacer battle-history"><br></div><h2 class="battle-history">Turn 5</h2><div class="spacer battle-history"><br></div><div class="battle-history">The opposing Mew used <strong>Transform</strong>!<br></div><div class="battle-history"><small>But it failed!</small><br></div><div class="spacer battle-history"><br></div><div class="battle-history">Zygarde used <strong>Dragon Dance</strong>!<br></div><div class="battle-history"><small>Zygarde's Attack rose!</small><br></div><div class="battle-history"><small>Zygarde's Speed rose!</small><br></div><div class="spacer battle-history"><br></div><div class="battle-history"><small>Zygarde restored a little HP using its Leftovers!</small><br></div><div class="battle-history"><small>The opposing Mew restored a little HP using its Leftovers!</small><br></div><div class="spacer battle-history"><br></div><h2 class="battle-history">Turn 6</h2><div class="spacer battle-history"><br></div><div class="battle-history">frog34 withdrew Mew!<br></div><div class="battle-history">frog34 sent out Venusaur (<strong>Venusaur-Mega</strong>)!<br></div><div class="spacer battle-history"><br></div><div class="battle-history">Zygarde used <strong>Dragon Dance</strong>!<br></div><div class="battle-history"><small>Zygarde's Attack rose!</small><br></div><div class="battle-history"><small>Zygarde's Speed rose!</small><br></div><div class="spacer battle-history"><br></div><h2 class="battle-history">Turn 7</h2><div class="spacer battle-history"><br></div><div class="battle-history">Zygarde used <strong>Glare</strong>!<br></div><div class="battle-history"><small>The opposing Venusaur is paralyzed! It may be unable to move!</small><br></div><div class="spacer battle-history"><br></div><div class="battle-history">The opposing Venusaur is paralyzed! It can't move!<br></div><div class="spacer battle-history"><br></div><h2 class="battle-history">Turn 8</h2><div class="spacer battle-history"><br></div><div class="battle-history">Zygarde used <strong>Dragon Dance</strong>!<br></div><div class="battle-history"><small>Zygarde's Attack rose!</small><br></div><div class="battle-history"><small>Zygarde's Speed rose!</small><br></div><div class="spacer battle-history"><br></div><div class="battle-history">The opposing Venusaur used <strong>Giga Drain</strong>!<br></div><div class="battle-history"><small>Zygarde's substitute faded!</small><br></div><div class="spacer battle-history"><br></div><h2 class="battle-history">Turn 9</h2><div class="spacer battle-history"><br></div><div class="battle-history">Zygarde used <strong>Substitute</strong>!<br></div><div class="battle-history"><small>Zygarde put in a substitute!</small><br></div><div class="battle-history"><small>(Zygarde lost 24% of its health!)</small><br></div><div class="spacer battle-history"><br></div><div class="battle-history">The opposing Venusaur used <strong>Giga Drain</strong>!<br></div><div class="battle-history"><small>Zygarde's substitute faded!</small><br></div><div class="spacer battle-history"><br></div><div class="battle-history"><small>Zygarde restored a little HP using its Leftovers!</small><br></div><div class="spacer battle-history"><br></div><h2 class="battle-history">Turn 10</h2><div class="spacer battle-history"><br></div><div class="battle-history">Zygarde used <strong>Substitute</strong>!<br></div><div class="battle-history"><small>Zygarde put in a substitute!</small><br></div><div class="battle-history"><small>(Zygarde lost 25% of its health!)</small><br></div><div class="spacer battle-history"><br></div><div class="battle-history">The opposing Venusaur used <strong>Giga Drain</strong>!<br></div><div class="battle-history"><small>The substitute took damage for Zygarde!</small><br></div><div class="spacer battle-history"><br></div><div class="battle-history"><small>Zygarde restored a little HP using its Leftovers!</small><br></div><div class="spacer battle-history"><br></div><h2 class="battle-history">Turn 11</h2><div class="spacer battle-history"><br></div><div class="battle-history">Zygarde used <strong>Dragon Dance</strong>!<br></div><div class="battle-history"><small>Zygarde's Attack rose!</small><br></div><div class="battle-history"><small>Zygarde's Speed rose!</small><br></div><div class="spacer battle-history"><br></div><div class="battle-history">The opposing Venusaur used <strong>Giga Drain</strong>!<br></div><div class="battle-history"><small>Zygarde's substitute faded!</small><br></div><div class="spacer battle-history"><br></div><div class="battle-history"><small>Zygarde restored a little HP using its Leftovers!</small><br></div><div class="spacer battle-history"><br></div><h2 class="battle-history">Turn 12</h2><div class="spacer battle-history"><br></div><div class="battle-history">Zygarde used <strong>Substitute</strong>!<br></div><div class="battle-history"><small>Zygarde put in a substitute!</small><br></div><div class="battle-history"><small>(Zygarde lost 24% of its health!)</small><br></div><div class="spacer battle-history"><br></div><div class="battle-history">The opposing Venusaur used <strong>Giga Drain</strong>!<br></div><div class="battle-history"><small>Zygarde's substitute faded!</small><br></div><div class="spacer battle-history"><br></div><div class="battle-history"><small>Zygarde restored a little HP using its Leftovers!</small><br></div><div class="spacer battle-history"><br></div><h2 class="battle-history">Turn 13</h2><div class="spacer battle-history"><br></div><div class="battle-history">Zygarde used <strong>Substitute</strong>!<br></div><div class="battle-history"><small>Zygarde put in a substitute!</small><br></div><div class="battle-history"><small>(Zygarde lost 25% of its health!)</small><br></div><div class="spacer battle-history"><br></div><div class="battle-history">The opposing Venusaur used <strong>Giga Drain</strong>!<br></div><div class="battle-history"><small>A critical hit!</small><br></div><div class="battle-history"><small>Zygarde's substitute faded!</small><br></div><div class="spacer battle-history"><br></div><div class="battle-history"><small>Zygarde restored a little HP using its Leftovers!</small><br></div><div class="spacer battle-history"><br></div><h2 class="battle-history">Turn 14</h2><div class="spacer battle-history"><br></div><div class="battle-history">Zygarde is paralyzed! It can't move!<br></div><div class="spacer battle-history"><br></div><div class="battle-history">The opposing Venusaur used <strong>Giga Drain</strong>!<br></div><div class="battle-history"><small>(Zygarde lost 28% of its health!)</small><br></div><div class="spacer battle-history"><br></div><div class="battle-history"><small>Zygarde restored a little HP using its Leftovers!</small><br></div><div class="spacer battle-history"><br></div><h2 class="battle-history">Turn 15</h2><div class="spacer battle-history"><br></div><div class="battle-history">Zygarde used <strong>Thousand Arrows</strong>!<br></div><div class="battle-history"><small>(The opposing Venusaur lost 86% of its health!)</small><br></div><div class="spacer battle-history"><br></div><div class="battle-history">The opposing Venusaur used <strong>Giga Drain</strong>!<br></div><div class="battle-history"><small>(Zygarde lost 11% of its health!)</small><br></div><div class="battle-history"><small>Zygarde had its energy drained!</small><br></div><div class="spacer battle-history"><br></div><div class="battle-history">Zygarde fainted!<br></div><div class="spacer battle-history"><br></div><div class="battle-history">Go! <strong>Tapu Koko</strong>!<br></div><div class="battle-history">[Tapu Koko's Electric Surge]<br><small>An electric current ran across the battlefield!</small><br></div><div class="spacer battle-history"><br></div><h2 class="battle-history">Turn 16</h2><div class="spacer battle-history"><br></div><div class="battle-history">frog34 withdrew Venusaur!<br></div><div class="battle-history">frog34 sent out <strong>Raging Bolt</strong>!<br></div><div class="battle-history"><small>(The opposing Raging Bolt used its Booster Energy!)</small><br></div><div class="battle-history">[The opposing Raging Bolt's Protosynthesis]<br><small>The opposing Raging Bolt used its Booster Energy to activate Protosynthesis!</small><br></div><div class="battle-history"><small>The opposing Raging Bolt's Sp. Atk was heightened!</small><br></div><div class="spacer battle-history"><br></div><div class="battle-history">Tapu Koko used <strong>Dazzling Gleam</strong>!<br></div><div class="battle-history"><small>It's super effective!</small><br></div><div class="battle-history"><small>(The opposing Raging Bolt lost 97% of its health!)</small><br></div><div class="spacer battle-history"><br></div><h2 class="battle-history">Turn 17</h2><div class="spacer battle-history"><br></div><div class="battle-history">The opposing Raging Bolt used <strong>Thunderclap</strong>!<br></div><div class="battle-history"><small>It's not very effective...</small><br></div><div class="battle-history"><small>(Tapu Koko lost 56% of its health!)</small><br></div><div class="spacer battle-history"><br></div><div class="battle-history">Tapu Koko used <strong>Dazzling Gleam</strong>!<br></div><div class="battle-history"><small>It's super effective!</small><br></div><div class="battle-history"><small>(The opposing Raging Bolt lost 3% of its health!)</small><br></div><div class="spacer battle-history"><br></div><div class="battle-history">The opposing Raging Bolt fainted!<br></div><div class="spacer battle-history"><br></div><div class="battle-history">frog34 sent out <strong>Groudon</strong>!<br></div><div class="battle-history">[The opposing Groudon's Drought]<br><small>The sunlight turned harsh!</small><br></div><div class="spacer battle-history"><br></div><h2 class="battle-history">Turn 18</h2><div class="spacer battle-history"><br></div><div class="battle-history">Tapu Koko used <strong>Dazzling Gleam</strong>!<br></div><div class="battle-history"><small>(The opposing Groudon lost 52% of its health!)</small><br></div><div class="spacer battle-history"><br></div><div class="battle-history">The opposing Groudon used <strong>Rock Polish</strong>!<br></div><div class="battle-history"><small>The opposing Groudon's Speed rose sharply!</small><br></div><div class="spacer battle-history"><br></div><div class="battle-history"><small>(The sunlight is strong.)</small><br></div><div class="spacer battle-history"><br></div><h2 class="battle-history">Turn 19</h2><div class="spacer battle-history"><br></div><div class="battle-history">The opposing Groudon used <strong>Precipice Blades</strong>!<br></div><div class="battle-history"><small>It's super effective!</small><br></div><div class="battle-history"><small>(Tapu Koko lost 44% of its health!)</small><br></div><div class="spacer battle-history"><br></div><div class="battle-history">Tapu Koko fainted!<br></div><div class="spacer battle-history"><br></div><div class="battle-history"><small>(The sunlight is strong.)</small><br></div><div class="spacer battle-history"><br></div><div class="battle-history">Go! Ninetales (<strong>Ninetales-Alola</strong>)!<br></div><div class="battle-history">[Ninetales's Snow Warning]<br><small>It started to snow!</small><br></div><div class="spacer battle-history"><br></div><h2 class="battle-history">Turn 20</h2><div class="spacer battle-history"><br></div><div class="battle-history">Ninetales used <strong>Blizzard</strong>!<br></div><div class="battle-history"><small>It's super effective!</small><br></div><div class="battle-history"><small>(The opposing Groudon lost 48% of its health!)</small><br></div><div class="spacer battle-history"><br></div><div class="battle-history">The opposing Groudon fainted!<br></div><div class="spacer battle-history"><br></div><div class="battle-history"><small>(The snow is falling down.)</small><br></div><div class="battle-history"><small>The electricity disappeared from the battlefield.</small><br></div><div class="spacer battle-history"><br></div><div class="battle-history">frog34 sent out <strong>Heatran</strong>!<br></div><div class="battle-history"><small>The opposing Heatran floats in the air with its Air Balloon!</small><br></div><div class="spacer battle-history"><br></div><h2 class="battle-history">Turn 21</h2><div class="spacer battle-history"><br></div><div class="battle-history">Ninetales, come back!<br></div><div class="battle-history">Go! <strong>Togekiss</strong>!<br></div><div class="spacer battle-history"><br></div><div class="battle-history">The opposing Heatran used <strong>Stealth Rock</strong>!<br></div><div class="battle-history"><small>Pointed stones float in the air around your team!</small><br></div><div class="spacer battle-history"><br></div><div class="battle-history"><small>(The snow is falling down.)</small><br></div><div class="spacer battle-history"><br></div><h2 class="battle-history">Turn 22</h2><div class="spacer battle-history"><br></div><div class="battle-history">frog34 withdrew Heatran!<br></div><div class="battle-history">frog34 sent out Venusaur (<strong>Venusaur-Mega</strong>)!<br></div><div class="spacer battle-history"><br></div><div class="battle-history">Togekiss used <strong>Thunder Wave</strong>!<br></div><div class="battle-history"><small>The opposing Venusaur is already paralyzed!</small><br></div><div class="spacer battle-history"><br></div><div class="battle-history"><small>(The snow is falling down.)</small><br></div><div class="spacer battle-history"><br></div><h2 class="battle-history">Turn 23</h2><div class="spacer battle-history"><br></div><div class="battle-history">Togekiss used <strong>Air Slash</strong>!<br></div><div class="battle-history"><small>It's super effective!</small><br></div><div class="battle-history"><small>A critical hit!</small><br></div><div class="battle-history"><small>(The opposing Venusaur lost 20% of its health!)</small><br></div><div class="spacer battle-history"><br></div><div class="battle-history">The opposing Venusaur fainted!<br></div><div class="spacer battle-history"><br></div><div class="battle-history"><small>(The snow is falling down.)</small><br></div><div class="spacer battle-history"><br></div><div class="battle-history">frog34 sent out <strong>Mew</strong>!<br></div><div class="spacer battle-history"><br></div><h2 class="battle-history">Turn 24</h2><div class="spacer battle-history"><br></div><div class="battle-history">Togekiss used <strong>Air Slash</strong>!<br></div><div class="battle-history"><small>A critical hit!</small><br></div><div class="battle-history"><small>(The opposing Mew lost 50% of its health!)</small><br></div><div class="spacer battle-history"><br></div><div class="battle-history">The opposing Mew flinched and couldn't move!<br></div><div class="spacer battle-history"><br></div><div class="battle-history"><small>The snow stopped.</small><br></div><div class="battle-history"><small>The opposing Mew restored a little HP using its Leftovers!</small><br></div><div class="spacer battle-history"><br></div><h2 class="battle-history">Turn 25</h2><div class="spacer battle-history"><br></div><div class="battle-history">Togekiss used <strong>Air Slash</strong>!<br></div><div class="battle-history"><small>(The opposing Mew lost 31% of its health!)</small><br></div><div class="spacer battle-history"><br></div><div class="battle-history">The opposing Mew flinched and couldn't move!<br></div><div class="spacer battle-history"><br></div><div class="battle-history"><small>The opposing Mew restored a little HP using its Leftovers!</small><br></div><div class="spacer battle-history"><br></div><h2 class="battle-history">Turn 26</h2><div class="spacer battle-history"><br></div><div class="battle-history">Togekiss used <strong>Dazzling Gleam</strong>!<br></div><div class="battle-history"><small>(The opposing Mew lost 19% of its health!)</small><br></div><div class="spacer battle-history"><br></div><div class="battle-history">The opposing Mew fainted!<br></div><div class="spacer battle-history"><br></div><div class="battle-history">frog34 sent out <strong>Heatran</strong>!<br></div><div class="battle-history"><small>The opposing Heatran floats in the air with its Air Balloon!</small><br></div><div class="spacer battle-history"><br></div><h2 class="battle-history">Turn 27</h2><div class="chat"><small></small></div><div class="spacer battle-history"><br></div><div class="battle-history"><small>Togekiss has Terastallized into the Fire-type!</small><br></div><div class="spacer battle-history"><br></div><div class="battle-history">Togekiss used <strong>Thunder Wave</strong>!<br></div><div class="battle-history"><small>The opposing Heatran avoided the attack!</small><br></div><div class="spacer battle-history"><br></div><div class="battle-history">The opposing Heatran used <strong>Flash Cannon</strong>!<br></div><div class="battle-history"><small>It's not very effective...</small><br></div><div class="battle-history"><small>(Togekiss lost 15% of its health!)</small><br></div><div class="spacer battle-history"><br></div><div class="battle-history"><small>Togekiss restored a little HP using its Leftovers!</small><br></div><div class="spacer battle-history"><br></div><h2 class="battle-history">Turn 28</h2><div class="spacer battle-history"><br></div><div class="battle-history">Togekiss used <strong>Thunder Wave</strong>!<br></div><div class="battle-history"><small>The opposing Heatran avoided the attack!</small><br></div><div class="spacer battle-history"><br></div><div class="battle-history">The opposing Heatran used <strong>Taunt</strong>!<br></div><div class="battle-history"><small>Togekiss fell for the taunt!</small><br></div><div class="spacer battle-history"><br></div><div class="battle-history"><small>Togekiss restored a little HP using its Leftovers!</small><br></div><div class="spacer battle-history"><br></div><h2 class="battle-history">Turn 29</h2><div class="spacer battle-history"><br></div><div class="battle-history">Togekiss used <strong>Air Slash</strong>!<br></div><div class="battle-history"><small>It's not very effective...</small><br></div><div class="battle-history"><small>(The opposing Heatran lost 16% of its health!)</small><br></div><div class="battle-history"><small>The opposing Heatran's Air Balloon popped!</small><br></div><div class="spacer battle-history"><br></div><div class="battle-history">The opposing Heatran flinched and couldn't move!<br></div><div class="spacer battle-history"><br></div><div class="battle-history"><small>Togekiss restored a little HP using its Leftovers!</small><br></div><div class="spacer battle-history"><br></div><h2 class="battle-history">Turn 30</h2><div class="spacer battle-history"><br></div><div class="battle-history">Togekiss used <strong>Air Slash</strong>!<br></div><div class="battle-history"><small>It's not very effective...</small><br></div><div class="battle-history"><small>(The opposing Heatran lost 19% of its health!)</small><br></div><div class="spacer battle-history"><br></div><div class="battle-history">The opposing Heatran flinched and couldn't move!<br></div><div class="spacer battle-history"><br></div><h2 class="battle-history">Turn 31</h2><div class="spacer battle-history"><br></div><div class="battle-history">Togekiss used <strong>Air Slash</strong>!<br></div><div class="battle-history"><small>It's not very effective...</small><br></div><div class="battle-history"><small>(The opposing Heatran lost 18% of its health!)</small><br></div><div class="spacer battle-history"><br></div><div class="battle-history">The opposing Heatran flinched and couldn't move!<br></div><div class="spacer battle-history"><br></div><div class="battle-history"><small>Togekiss shook off the taunt!</small><br></div><div class="spacer battle-history"><br></div><h2 class="battle-history">Turn 32</h2><div class="spacer battle-history"><br></div><div class="battle-history">frog34 withdrew Heatran!<br></div><div class="battle-history">frog34 sent out <strong>Dialga</strong>!<br></div><div class="battle-history">[The opposing Dialga's Pressure]<br><small>The opposing Dialga is exerting its pressure!</small><br></div><div class="spacer battle-history"><br></div><div class="battle-history">Togekiss used <strong>Air Slash</strong>!<br></div><div class="battle-history"><small>It's not very effective...</small><br></div><div class="battle-history"><small>(The opposing Dialga lost 20% of its health!)</small><br></div><div class="spacer battle-history"><br></div><h2 class="battle-history">Turn 33</h2><div class="spacer battle-history"><br></div><div class="battle-history">The opposing Dialga used <strong>Thunder Wave</strong>!<br></div><div class="battle-history"><small>Togekiss is paralyzed! It may be unable to move!</small><br></div><div class="spacer battle-history"><br></div><div class="battle-history">Togekiss used <strong>Thunder Wave</strong>!<br></div><div class="battle-history"><small>The opposing Dialga avoided the attack!</small><br></div><div class="spacer battle-history"><br></div><h2 class="battle-history">Turn 34</h2><div class="spacer battle-history"><br></div><div class="battle-history">frog34 withdrew Dialga!<br></div><div class="battle-history">frog34 sent out <strong>Heatran</strong>!<br></div><div class="spacer battle-history"><br></div><div class="battle-history">Togekiss is paralyzed! It can't move!<br></div><div class="spacer battle-history"><br></div><h2 class="battle-history">Turn 35</h2><div class="spacer battle-history"><br></div><div class="battle-history">The opposing Heatran used <strong>Taunt</strong>!<br></div><div class="battle-history"><small>Togekiss fell for the taunt!</small><br></div><div class="spacer battle-history"><br></div><div class="battle-history">Togekiss can't use Thunder Wave after the taunt!<br></div><div class="spacer battle-history"><br></div><h2 class="battle-history">Turn 36</h2><div class="spacer battle-history"><br></div><div class="battle-history">The opposing Heatran used <strong>Flash Cannon</strong>!<br></div><div class="battle-history"><small>It's not very effective...</small><br></div><div class="battle-history"><small>(Togekiss lost 15% of its health!)</small><br></div><div class="spacer battle-history"><br></div><div class="battle-history">Togekiss is paralyzed! It can't move!<br></div><div class="spacer battle-history"><br></div><div class="battle-history"><small>Togekiss restored a little HP using its Leftovers!</small><br></div><div class="spacer battle-history"><br></div><h2 class="battle-history">Turn 37</h2><div class="spacer battle-history"><br></div><div class="battle-history">The opposing Heatran used <strong>Flash Cannon</strong>!<br></div><div class="battle-history"><small>It's not very effective...</small><br></div><div class="battle-history"><small>(Togekiss lost 15% of its health!)</small><br></div><div class="spacer battle-history"><br></div><div class="battle-history">Togekiss used <strong>Air Slash</strong>!<br></div><div class="battle-history"><small>It's not very effective...</small><br></div><div class="battle-history"><small>(The opposing Heatran lost 16% of its health!)</small><br></div><div class="spacer battle-history"><br></div><div class="battle-history"><small>Togekiss restored a little HP using its Leftovers!</small><br></div><div class="battle-history"><small>Togekiss shook off the taunt!</small><br></div><div class="spacer battle-history"><br></div><h2 class="battle-history">Turn 38</h2><div class="spacer battle-history"><br></div><div class="battle-history">The opposing Heatran used <strong>Flash Cannon</strong>!<br></div><div class="battle-history"><small>It's not very effective...</small><br></div><div class="battle-history"><small>(Togekiss lost 15% of its health!)</small><br></div><div class="spacer battle-history"><br></div><div class="battle-history">Togekiss is paralyzed! It can't move!<br></div><div class="spacer battle-history"><br></div><div class="battle-history"><small>Togekiss restored a little HP using its Leftovers!</small><br></div><div class="spacer battle-history"><br></div><h2 class="battle-history">Turn 39</h2><div class="spacer battle-history"><br></div><div class="battle-history">The opposing Heatran used <strong>Flash Cannon</strong>!<br></div><div class="battle-history"><small>It's not very effective...</small><br></div><div class="battle-history"><small>(Togekiss lost 15% of its health!)</small><br></div><div class="spacer battle-history"><br></div><div class="battle-history">Togekiss used <strong>Air Slash</strong>!<br></div><div class="battle-history"><small>It's not very effective...</small><br></div><div class="battle-history"><small>(The opposing Heatran lost 17% of its health!)</small><br></div><div class="spacer battle-history"><br></div><div class="battle-history"><small>Togekiss restored a little HP using its Leftovers!</small><br></div><div class="spacer battle-history"><br></div><h2 class="battle-history">Turn 40</h2><div class="spacer battle-history"><br></div><div class="battle-history">The opposing Heatran used <strong>Taunt</strong>!<br></div><div class="battle-history"><small>Togekiss fell for the taunt!</small><br></div><div class="spacer battle-history"><br></div><div class="battle-history">Togekiss used <strong>Air Slash</strong>!<br></div><div class="battle-history"><small>It's not very effective...</small><br></div><div class="battle-history"><small>(The opposing Heatran lost 14% of its health!)</small><br></div><div class="spacer battle-history"><br></div><div class="battle-history">The opposing Heatran fainted!<br></div><div class="spacer battle-history"><br></div><div class="battle-history"><small>Togekiss restored a little HP using its Leftovers!</small><br></div><div class="spacer battle-history"><br></div><div class="battle-history">frog34 sent out <strong>Dialga</strong>!<br></div><div class="battle-history">[The opposing Dialga's Pressure]<br><small>The opposing Dialga is exerting its pressure!</small><br></div><div class="spacer battle-history"><br></div><h2 class="battle-history">Turn 41</h2><div class="spacer battle-history"><br></div><div class="battle-history">The opposing Dialga used <strong>Flash Cannon</strong>!<br></div><div class="battle-history"><small>It's not very effective...</small><br></div><div class="battle-history"><small>(Togekiss lost 19% of its health!)</small><br></div><div class="spacer battle-history"><br></div><div class="battle-history">Togekiss is paralyzed! It can't move!<br></div><div class="spacer battle-history"><br></div><div class="battle-history"><small>Togekiss restored a little HP using its Leftovers!</small><br></div><div class="spacer battle-history"><br></div><h2 class="battle-history">Turn 42</h2><div class="spacer battle-history"><br></div><div class="battle-history">The opposing Dialga used <strong>Flash Cannon</strong>!<br></div><div class="battle-history"><small>It's not very effective...</small><br></div><div class="battle-history"><small>(Togekiss lost 20% of its health!)</small><br></div><div class="spacer battle-history"><br></div><div class="battle-history">Togekiss is paralyzed! It can't move!<br></div><div class="spacer battle-history"><br></div><div class="battle-history"><small>Togekiss restored a little HP using its Leftovers!</small><br></div><div class="battle-history"><small>Togekiss shook off the taunt!</small><br></div><div class="spacer battle-history"><br></div><h2 class="battle-history">Turn 43</h2><div class="spacer battle-history"><br></div><div class="battle-history">The opposing Dialga used <strong>Flash Cannon</strong>!<br></div><div class="battle-history"><small>It's not very effective...</small><br></div><div class="battle-history"><small>(Togekiss lost 20% of its health!)</small><br></div><div class="spacer battle-history"><br></div><div class="battle-history">Togekiss used <strong>Thunder Wave</strong>!<br></div><div class="battle-history"><small>The opposing Dialga is paralyzed! It may be unable to move!</small><br></div><div class="spacer battle-history"><br></div><div class="battle-history"><small>Togekiss restored a little HP using its Leftovers!</small><br></div><div class="spacer battle-history"><br></div><h2 class="battle-history">Turn 44</h2><div class="spacer battle-history"><br></div><div class="battle-history">The opposing Dialga used <strong>Flash Cannon</strong>!<br></div><div class="battle-history"><small>It's not very effective...</small><br></div><div class="battle-history"><small>(Togekiss lost 21% of its health!)</small><br></div><div class="battle-history"><small>Togekiss's Sp. Def fell!</small><br></div><div class="spacer battle-history"><br></div><div class="battle-history">Togekiss used <strong>Flamethrower</strong>!<br></div><div class="battle-history"><small>(The opposing Dialga lost 45% of its health!)</small><br></div><div class="spacer battle-history"><br></div><div class="battle-history"><small>Togekiss restored a little HP using its Leftovers!</small><br></div><div class="spacer battle-history"><br></div><h2 class="battle-history">Turn 45</h2><div class="spacer battle-history"><br></div><div class="battle-history">The opposing Dialga used <strong>Flash Cannon</strong>!<br></div><div class="battle-history"><small>It's not very effective...</small><br></div><div class="battle-history"><small>(Togekiss lost 14% of its health!)</small><br></div><div class="spacer battle-history"><br></div><div class="battle-history">Togekiss fainted!<br></div><div class="spacer battle-history"><br></div><div class="battle-history">Go! <strong>Iron Valiant</strong>!<br></div><div class="battle-history"><small>Pointed stones dug into Iron Valiant!</small><br></div><div class="spacer battle-history"><br></div><h2 class="battle-history">Turn 46</h2><div class="spacer battle-history"><br></div><div class="battle-history">Iron Valiant used <strong>Close Combat</strong>!<br></div><div class="battle-history"><small>It's super effective!</small><br></div><div class="battle-history"><small>(The opposing Dialga lost 35% of its health!)</small><br></div><div class="battle-history"><small>Iron Valiant's Defense fell!</small><br></div><div class="battle-history"><small>Iron Valiant's Sp. Def fell!</small><br></div><div class="spacer battle-history"><br></div><div class="battle-history">The opposing Dialga fainted!<br></div><div class="spacer battle-history"><br></div><div class="battle-history"><strong>mukmuk1</strong> won the battle!<br></div><div class="chat chatmessage-mukmuk1"><strong style="color:#ce261d"><small class="groupsymbol">☆</small><span class="username">mukmuk1</span>:</strong> <em>gg</em></div><div class="chat chatmessage-frog34"><strong style="color:#3fa716"><small class="groupsymbol">☆</small><span class="username">frog34</span>:</strong> <em>gg</em></div><div class="chat"><small> phantom0rion left</small></div></div><div class="inner-preempt message-log"></div></div></div>
</div>
<script>
let daily = Math.floor(Date.now()/1000/60/60/24);document.write('<script src="https://play.pokemonshowdown.com/js/replay-embed.js?version'+daily+'"></'+'script>');
</script>
