<!DOCTYPE html>
<meta charset="utf-8" />
<!-- version 1 -->
<title>[Gen 9] NatDex Draft replay: Gym Leder Brawl vs. ksch</title>
<style>
html,body {font-family:Verdana, sans-serif;font-size:10pt;margin:0;padding:0;}body{padding:12px 0;} .battle-log {font-family:Verdana, sans-serif;font-size:10pt;} .battle-log-inline {border:1px solid #AAAAAA;background:#EEF2F5;color:black;max-width:640px;margin:0 auto 80px;padding-bottom:5px;} .battle-log .inner {padding:4px 8px 0px 8px;} .battle-log .inner-preempt {padding:0 8px 4px 8px;} .battle-log .inner-after {margin-top:0.5em;} .battle-log h2 {margin:0.5em -8px;padding:4px 8px;border:1px solid #AAAAAA;background:#E0E7EA;border-left:0;border-right:0;font-family:Verdana, sans-serif;font-size:13pt;} .battle-log .chat {vertical-align:middle;padding:3px 0 3px 0;font-size:8pt;} .battle-log .chat strong {color:#40576A;} .battle-log .chat em {padding:1px 4px 1px 3px;color:#000000;font-style:normal;} .chat.mine {background:rgba(0,0,0,0.05);margin-left:-8px;margin-right:-8px;padding-left:8px;padding-right:8px;} .spoiler {color:#BBBBBB;background:#BBBBBB;padding:0px 3px;} .spoiler:hover, .spoiler:active, .spoiler-shown {color:#000000;background:#E2E2E2;padding:0px 3px;} .spoiler a {color:#BBBBBB;} .spoiler:hover a, .spoiler:active a, .spoiler-shown a {color:#2288CC;} .chat code, .chat .spoiler:hover code, .chat .spoiler:active code, .chat .spoiler-shown code {border:1px solid #C0C0C0;background:#EEEEEE;color:black;padding:0 2px;} .chat .spoiler code {border:1px solid #CCCCCC;background:#CCCCCC;color:#CCCCCC;} .battle-log .rated {padding:3px 4px;} .battle-log .rated strong {color:white;background:#89A;padding:1px 4px;border-radius:4px;} .spacer {margin-top:0.5em;} .message-announce {background:#6688AA;color:white;padding:1px 4px 2px;} .message-announce a, .broadcast-green a, .broadcast-blue a, .broadcast-red a {color:#DDEEFF;} .broadcast-green {background-color:#559955;color:white;padding:2px 4px;} .broadcast-blue {background-color:#6688AA;color:white;padding:2px 4px;} .infobox {border:1px solid #6688AA;padding:2px 4px;} .infobox-limited {max-height:200px;overflow:auto;overflow-x:hidden;} .broadcast-red {background-color:#AA5544;color:white;padding:2px 4px;} .message-learn-canlearn {font-weight:bold;color:#228822;text-decoration:underline;} .message-learn-cannotlearn {font-weight:bold;color:#CC2222;text-decoration:underline;} .message-effect-weak {font-weight:bold;color:#CC2222;} .message-effect-resist {font-weight:bold;color:#6688AA;} .message-effect-immune {font-weight:bold;color:#666666;} .message-learn-list {margin-top:0;margin-bottom:0;} .message-throttle-notice, .message-error {color:#992222;} .message-overflow, .chat small.message-overflow {font-size:0pt;} .message-overflow::before {font-size:9pt;content:'...';} .subtle {color:#3A4A66;}
</style>
<div class="wrapper replay-wrapper" style="max-width:1180px;margin:0 auto">
<input type="hidden" name="replayid" value="gen9natdexdraft-2446054432" />
<div class="battle"></div><div class="battle-log"></div><div class="replay-controls"></div><div class="replay-controls-2"></div>
<h1 style="font-weight:normal;text-align:center"><strong>[Gen 9] NatDex Draft</strong><br /><a href="http://pokemonshowdown.com/users/gymlederbrawl" class="subtle" target="_blank">Gym Leder Brawl</a> vs. <a href="http://pokemonshowdown.com/users/ksch" class="subtle" target="_blank">ksch</a></h1>
<script type="text/plain" class="battle-log-data">
|j|☆Gym Leder Brawl
|j|☆ksch
|t:|1758431512
|gametype|singles
|player|p1|Gym Leder Brawl|2|
|player|p2|ksch|swimmerf-gen4dp|
|gen|9
|tier|[Gen 9] NatDex Draft
|rule|Tera Type Preview: Tera Types are shown at Team Preview
|rule|Sleep Clause Mod: Limit one foe put to sleep
|rule|OHKO Clause: OHKO moves are banned
|rule|Evasion Clause: Evasion abilities, items, and moves are banned
|rule|Evasion Abilities Clause: Evasion abilities are banned
|rule|Evasion Items Clause: Evasion items are banned
|rule|Evasion Moves Clause: Evasion moves are banned
|rule|Endless Battle Clause: Forcing endless battles is banned
|rule|HP Percentage Mod: HP is shown in percentages
|raw|<div class="infobox"><details class="readmore" open><summary><strong>1 custom rule:<\/strong><\/summary> Tera Type Preview<\/details><\/div>
|clearpoke
|poke|p1|Galvantula, F|
|poke|p1|Marshadow|
|poke|p1|Excadrill, F|
|poke|p1|Landorus, M|
|poke|p1|Solgaleo|
|poke|p1|Tyranitar, M|
|poke|p2|Pheromosa|
|poke|p2|Ferrothorn, F|
|poke|p2|Roaring Moon|
|poke|p2|Darmanitan-Galar, F|
|poke|p2|Tapu Lele|
|poke|p2|Sandy Shocks|
|raw|Gym Leder Brawl's Tera Types:<br \/><psicon pokemon="galvantula" \/><psicon type="Bug" \/> \/ <psicon pokemon="marshadow" \/><psicon type="Fighting" \/> \/ <psicon pokemon="excadrill" \/><psicon type="Ground" \/> \/ <psicon pokemon="landorus" \/><psicon type="Ground" \/> \/ <psicon pokemon="solgaleo" \/><psicon type="Psychic" \/> \/ <psicon pokemon="tyranitar" \/><psicon type="Fairy" \/>
|raw|ksch's Tera Types:<br \/><psicon pokemon="pheromosa" \/><psicon type="Bug" \/> \/ <psicon pokemon="ferrothorn" \/><psicon type="Grass" \/> \/ <psicon pokemon="roaringmoon" \/><psicon type="Dragon" \/> \/ <psicon pokemon="darmanitangalar" \/><psicon type="Ice" \/> \/ <psicon pokemon="tapulele" \/><psicon type="Psychic" \/> \/ <psicon pokemon="sandyshocks" \/><psicon type="Ice" \/>
|teampreview
|j| serendipidu
|j| ChillerFrost
|
|t:|1758431618
|teamsize|p1|6
|teamsize|p2|6
|start
|switch|p1a: Galvantula|Galvantula, F|100\/100
|switch|p2a: Darmanitan|Darmanitan-Galar, F|100\/100
|turn|1
|
|t:|1758431653
|move|p2a: Darmanitan|Icicle Crash|p1a: Galvantula
|-enditem|p1a: Galvantula|Focus Sash
|-damage|p1a: Galvantula|1\/100
|move|p1a: Galvantula|Sticky Web|p2a: Darmanitan
|-sidestart|p2: ksch|move: Sticky Web
|
|upkeep
|turn|2
|
|t:|1758431661
|switch|p1a: Solgaleo|Solgaleo|100\/100
|move|p2a: Darmanitan|Icicle Crash|p1a: Solgaleo
|-resisted|p1a: Solgaleo
|-damage|p1a: Solgaleo|83\/100
|
|-heal|p1a: Solgaleo|89\/100|[from] item: Leftovers
|upkeep
|turn|3
|j| phantom0rion
|
|t:|1758431692
|switch|p2a: Roaring Moon|Roaring Moon|100\/100
|-activate|p2a: Roaring Moon|move: Sticky Web
|-unboost|p2a: Roaring Moon|spe|1
|move|p1a: Solgaleo|Teleport|p1a: Solgaleo
|
|t:|1758431715
|switch|p1a: Marshadow|Marshadow|100\/100|[from] Teleport
|
|upkeep
|turn|4
|
|t:|1758431751
|-end|p2a: Roaring Moon|Protosynthesis|[silent]
|switch|p2a: Tapu Lele|Tapu Lele|100\/100
|-activate|p2a: Tapu Lele|move: Sticky Web
|-unboost|p2a: Tapu Lele|spe|1
|-fieldstart|move: Psychic Terrain|[from] ability: Psychic Surge|[of] p2a: Tapu Lele
|move|p1a: Marshadow|Close Combat|p2a: Tapu Lele
|-resisted|p2a: Tapu Lele
|-damage|p2a: Tapu Lele|80\/100
|-unboost|p1a: Marshadow|def|1
|-unboost|p1a: Marshadow|spd|1
|
|upkeep
|turn|5
|j| Ocarina919
|j| 25Days
|
|t:|1758431802
|move|p1a: Marshadow|Spectral Thief|p2a: Tapu Lele
|-supereffective|p2a: Tapu Lele
|-damage|p2a: Tapu Lele|0 fnt
|faint|p2a: Tapu Lele
|
|upkeep
|
|t:|1758431830
|switch|p2a: Ferrothorn|Ferrothorn, F|100\/100
|-activate|p2a: Ferrothorn|move: Sticky Web
|-unboost|p2a: Ferrothorn|spe|1
|turn|6
|l| 25Days
|
|t:|1758431923
|switch|p1a: Solgaleo|Solgaleo|89\/100
|move|p2a: Ferrothorn|Gyro Ball|p1a: Solgaleo
|-resisted|p1a: Solgaleo
|-damage|p1a: Solgaleo|78\/100
|
|-heal|p1a: Solgaleo|84\/100|[from] item: Leftovers
|upkeep
|turn|7
|
|t:|1758431947
|switch|p2a: Sandy Shocks|Sandy Shocks|100\/100
|-activate|p2a: Sandy Shocks|move: Sticky Web
|-unboost|p2a: Sandy Shocks|spe|1
|move|p1a: Solgaleo|Flare Blitz|p2a: Sandy Shocks
|-damage|p2a: Sandy Shocks|60\/100
|-damage|p1a: Solgaleo|75\/100|[from] Recoil
|
|-heal|p1a: Solgaleo|81\/100|[from] item: Leftovers
|upkeep
|turn|8
|
|t:|1758431970
|switch|p1a: Landorus|Landorus, M|100\/100
|-terastallize|p2a: Sandy Shocks|Ice
|move|p2a: Sandy Shocks|Tera Blast|p1a: Landorus|[anim] Tera Blast Ice
|-supereffective|p1a: Landorus
|-damage|p1a: Landorus|0 fnt
|faint|p1a: Landorus
|
|-fieldend|move: Psychic Terrain
|upkeep
|
|t:|1758431995
|switch|p1a: Marshadow|Marshadow|100\/100
|turn|9
|
|t:|1758432061
|-end|p2a: Sandy Shocks|Protosynthesis|[silent]
|switch|p2a: Pheromosa|Pheromosa|100\/100
|-activate|p2a: Pheromosa|move: Sticky Web
|-unboost|p2a: Pheromosa|spe|1
|move|p1a: Marshadow|Close Combat|p2a: Pheromosa
|-resisted|p2a: Pheromosa
|-damage|p2a: Pheromosa|34\/100
|-unboost|p1a: Marshadow|def|1
|-unboost|p1a: Marshadow|spd|1
|
|upkeep
|turn|10
|
|t:|1758432141
|move|p1a: Marshadow|Close Combat|p2a: Pheromosa
|-resisted|p2a: Pheromosa
|-damage|p2a: Pheromosa|0 fnt
|-unboost|p1a: Marshadow|def|1
|-unboost|p1a: Marshadow|spd|1
|faint|p2a: Pheromosa
|
|upkeep
|
|t:|1758432178
|switch|p2a: Ferrothorn|Ferrothorn, F|100\/100
|-activate|p2a: Ferrothorn|move: Sticky Web
|-unboost|p2a: Ferrothorn|spe|1
|turn|11
|
|t:|1758432240
|switch|p1a: Solgaleo|Solgaleo|81\/100
|switch|p2a: Sandy Shocks|Sandy Shocks, tera:Ice|60\/100
|-activate|p2a: Sandy Shocks|move: Sticky Web
|-unboost|p2a: Sandy Shocks|spe|1
|
|-heal|p1a: Solgaleo|87\/100|[from] item: Leftovers
|upkeep
|turn|12
|
|t:|1758432308
|move|p2a: Sandy Shocks|Earth Power|p1a: Solgaleo
|-supereffective|p1a: Solgaleo
|-damage|p1a: Solgaleo|16\/100
|move|p1a: Solgaleo|Sunsteel Strike|p2a: Sandy Shocks
|-supereffective|p2a: Sandy Shocks
|-damage|p2a: Sandy Shocks|0 fnt
|faint|p2a: Sandy Shocks
|-end|p2a: Sandy Shocks|Protosynthesis|[silent]
|
|-heal|p1a: Solgaleo|23\/100|[from] item: Leftovers
|upkeep
|
|t:|1758432324
|switch|p2a: Darmanitan|Darmanitan-Galar, F|100\/100
|-activate|p2a: Darmanitan|move: Sticky Web
|-unboost|p2a: Darmanitan|spe|1
|turn|13
|
|t:|1758432342
|switch|p1a: Galvantula|Galvantula, F|1\/100
|move|p2a: Darmanitan|Earthquake|p1a: Galvantula
|-damage|p1a: Galvantula|0 fnt
|faint|p1a: Galvantula
|
|upkeep
|
|t:|1758432350
|switch|p1a: Marshadow|Marshadow|100\/100
|turn|14
|
|t:|1758432354
|move|p1a: Marshadow|Close Combat|p2a: Darmanitan
|-supereffective|p2a: Darmanitan
|-damage|p2a: Darmanitan|0 fnt
|-unboost|p1a: Marshadow|def|1
|-unboost|p1a: Marshadow|spd|1
|faint|p2a: Darmanitan
|
|upkeep
|
|t:|1758432360
|switch|p2a: Ferrothorn|Ferrothorn, F|100\/100
|-activate|p2a: Ferrothorn|move: Sticky Web
|-unboost|p2a: Ferrothorn|spe|1
|turn|15
|
|t:|1758432385
|switch|p1a: Solgaleo|Solgaleo|23\/100
|move|p2a: Ferrothorn|Leech Seed|p1a: Solgaleo
|-start|p1a: Solgaleo|move: Leech Seed
|
|-heal|p1a: Solgaleo|29\/100|[from] item: Leftovers
|-damage|p1a: Solgaleo|16\/100|[from] Leech Seed|[of] p2a: Ferrothorn
|upkeep
|turn|16
|
|t:|1758432401
|switch|p2a: Roaring Moon|Roaring Moon|100\/100
|-activate|p2a: Roaring Moon|move: Sticky Web
|-unboost|p2a: Roaring Moon|spe|1
|move|p1a: Solgaleo|Teleport|p1a: Solgaleo
|
|t:|1758432406
|switch|p1a: Marshadow|Marshadow|100\/100|[from] Teleport
|
|upkeep
|turn|17
|
|t:|1758432416
|move|p1a: Marshadow|Close Combat|p2a: Roaring Moon
|-supereffective|p2a: Roaring Moon
|-damage|p2a: Roaring Moon|0 fnt
|-unboost|p1a: Marshadow|def|1
|-unboost|p1a: Marshadow|spd|1
|faint|p2a: Roaring Moon
|-end|p2a: Roaring Moon|Protosynthesis|[silent]
|
|upkeep
|
|t:|1758432422
|switch|p2a: Ferrothorn|Ferrothorn, F|100\/100
|-activate|p2a: Ferrothorn|move: Sticky Web
|-unboost|p2a: Ferrothorn|spe|1
|turn|18
|
|t:|1758432434
|switch|p1a: Solgaleo|Solgaleo|16\/100
|move|p2a: Ferrothorn|Gyro Ball|p1a: Solgaleo
|-resisted|p1a: Solgaleo
|-damage|p1a: Solgaleo|5\/100
|
|-heal|p1a: Solgaleo|11\/100|[from] item: Leftovers
|upkeep
|turn|19
|
|t:|1758432462
|move|p2a: Ferrothorn|Endure|p2a: Ferrothorn
|-singleturn|p2a: Ferrothorn|move: Endure
|move|p1a: Solgaleo|Morning Sun|p1a: Solgaleo
|-heal|p1a: Solgaleo|61\/100
|
|-heal|p1a: Solgaleo|67\/100|[from] item: Leftovers
|upkeep
|turn|20
|
|t:|1758432471
|move|p1a: Solgaleo|Flare Blitz|p2a: Ferrothorn
|-supereffective|p2a: Ferrothorn
|-crit|p2a: Ferrothorn
|-damage|p2a: Ferrothorn|0 fnt
|-damage|p1a: Solgaleo|55\/100|[from] ability: Iron Barbs|[of] p2a: Ferrothorn
|-damage|p1a: Solgaleo|38\/100|[from] item: Rocky Helmet|[of] p2a: Ferrothorn
|faint|p2a: Ferrothorn
|-damage|p1a: Solgaleo|14\/100|[from] Recoil
|
|win|Gym Leder Brawl
|l|☆ksch
|player|p2|
|c|☆Gym Leder Brawl|Gg

</script>
</div>
<div class="battle-log battle-log-inline"><div class="inner"><div class="battle-options"></div><div class="inner message-log"><div class="chat"><small>☆Gym Leder Brawl and ☆ksch joined</small></div><div class=""><small>Format:</small> <br><strong>[Gen 9] NatDex Draft</strong></div><div class=""><small><em>Tera Type Preview:</em> Tera Types are shown at Team Preview</small></div><div class=""><small><em>Sleep Clause Mod:</em> Limit one foe put to sleep</small></div><div class=""><small><em>OHKO Clause:</em> OHKO moves are banned</small></div><div class=""><small><em>Evasion Clause:</em> Evasion abilities, items, and moves are banned</small></div><div class=""><small><em>Evasion Abilities Clause:</em> Evasion abilities are banned</small></div><div class=""><small><em>Evasion Items Clause:</em> Evasion items are banned</small></div><div class=""><small><em>Evasion Moves Clause:</em> Evasion moves are banned</small></div><div class=""><small><em>Endless Battle Clause:</em> Forcing endless battles is banned</small></div><div class=""><small><em>HP Percentage Mod:</em> HP is shown in percentages</small></div><div class="chat"><div class="infobox"><details class="readmore" open=""><summary><strong>1 custom rule:</strong></summary> Tera Type Preview</details></div></div><div class="chat">Gym Leder Brawl's Tera Types:<br><span class="picon" style="background:transparent url(https://play.pokemonshowdown.com/sprites/pokemonicons-sheet.png?v19) no-repeat scroll -320px -1470px"></span><img src="https://play.pokemonshowdown.com/sprites/types/Bug.png" alt="Bug" height="14" width="32" class="pixelated"> / <span class="picon" style="background:transparent url(https://play.pokemonshowdown.com/sprites/pokemonicons-sheet.png?v19) no-repeat scroll -400px -1980px"></span><img src="https://play.pokemonshowdown.com/sprites/types/Fighting.png" alt="Fighting" height="14" width="32" class="pixelated"> / <span class="picon" style="background:transparent url(https://play.pokemonshowdown.com/sprites/pokemonicons-sheet.png?v19) no-repeat scroll -80px -1320px"></span><img src="https://play.pokemonshowdown.com/sprites/types/Ground.png" alt="Ground" height="14" width="32" class="pixelated"> / <span class="picon" style="background:transparent url(https://play.pokemonshowdown.com/sprites/pokemonicons-sheet.png?v19) no-repeat scroll -360px -1590px"></span><img src="https://play.pokemonshowdown.com/sprites/types/Ground.png" alt="Ground" height="14" width="32" class="pixelated"> / <span class="picon" style="background:transparent url(https://play.pokemonshowdown.com/sprites/pokemonicons-sheet.png?v19) no-repeat scroll -440px -1950px"></span><img src="https://play.pokemonshowdown.com/sprites/types/Psychic.png" alt="Psychic" height="14" width="32" class="pixelated"> / <span class="picon" style="background:transparent url(https://play.pokemonshowdown.com/sprites/pokemonicons-sheet.png?v19) no-repeat scroll -320px -600px"></span><img src="https://play.pokemonshowdown.com/sprites/types/Fairy.png" alt="Fairy" height="14" width="32" class="pixelated"></div><div class="chat">ksch's Tera Types:<br><span class="picon" style="background:transparent url(https://play.pokemonshowdown.com/sprites/pokemonicons-sheet.png?v19) no-repeat scroll -120px -1980px"></span><img src="https://play.pokemonshowdown.com/sprites/types/Bug.png" alt="Bug" height="14" width="32" class="pixelated"> / <span class="picon" style="background:transparent url(https://play.pokemonshowdown.com/sprites/pokemonicons-sheet.png?v19) no-repeat scroll -400px -1470px"></span><img src="https://play.pokemonshowdown.com/sprites/types/Grass.png" alt="Grass" height="14" width="32" class="pixelated"> / <span class="picon" style="background:transparent url(https://play.pokemonshowdown.com/sprites/pokemonicons-sheet.png?v19) no-repeat scroll -360px -2490px"></span><img src="https://play.pokemonshowdown.com/sprites/types/Dragon.png" alt="Dragon" height="14" width="32" class="pixelated"> / <span class="picon" style="background:transparent url(https://play.pokemonshowdown.com/sprites/pokemonicons-sheet.png?v19) no-repeat scroll -320px -3000px"></span><img src="https://play.pokemonshowdown.com/sprites/types/Ice.png" alt="Ice" height="14" width="32" class="pixelated"> / <span class="picon" style="background:transparent url(https://play.pokemonshowdown.com/sprites/pokemonicons-sheet.png?v19) no-repeat scroll -240px -1950px"></span><img src="https://play.pokemonshowdown.com/sprites/types/Psychic.png" alt="Psychic" height="14" width="32" class="pixelated"> / <span class="picon" style="background:transparent url(https://play.pokemonshowdown.com/sprites/pokemonicons-sheet.png?v19) no-repeat scroll -200px -2460px"></span><img src="https://play.pokemonshowdown.com/sprites/types/Ice.png" alt="Ice" height="14" width="32" class="pixelated"></div><div class="chat battle-history"><strong>Gym Leder Brawl's team:</strong> <em style="color:#445566;display:block;">Galvantula / Marshadow / Excadrill / Landorus / Solgaleo / Tyranitar</em></div><div class="chat battle-history"><strong>ksch's team:</strong> <em style="color:#445566;display:block;">Pheromosa / Ferrothorn / Roaring Moon / Darmanitan-Galar / Tapu Lele / Sandy Shocks</em></div><div class="chat"><small> serendipidu and  ChillerFrost joined</small></div><div class="spacer battle-history"><br></div><div class="battle-history">Battle started between Gym Leder Brawl and ksch!<br></div><div class="spacer battle-history"><br></div><div class="battle-history">Go! <strong>Galvantula</strong>!<br></div><div class="spacer battle-history"><br></div><div class="battle-history">ksch sent out Darmanitan (<strong>Darmanitan-Galar</strong>)!<br></div><div class="spacer battle-history"><br></div><h2 class="battle-history">Turn 1</h2><div class="spacer battle-history"><br></div><div class="battle-history">The opposing Darmanitan used <strong>Icicle Crash</strong>!<br></div><div class="battle-history"><small>Galvantula hung on using its Focus Sash!</small><br></div><div class="battle-history"><small>(Galvantula lost 99% of its health!)</small><br></div><div class="spacer battle-history"><br></div><div class="battle-history">Galvantula used <strong>Sticky Web</strong>!<br></div><div class="battle-history"><small>A sticky web has been laid out on the ground around the opposing team!</small><br></div><div class="spacer battle-history"><br></div><h2 class="battle-history">Turn 2</h2><div class="spacer battle-history"><br></div><div class="battle-history">Galvantula, come back!<br></div><div class="battle-history">Go! <strong>Solgaleo</strong>!<br></div><div class="spacer battle-history"><br></div><div class="battle-history">The opposing Darmanitan used <strong>Icicle Crash</strong>!<br></div><div class="battle-history"><small>It's not very effective...</small><br></div><div class="battle-history"><small>(Solgaleo lost 17% of its health!)</small><br></div><div class="spacer battle-history"><br></div><div class="battle-history"><small>Solgaleo restored a little HP using its Leftovers!</small><br></div><div class="spacer battle-history"><br></div><h2 class="battle-history">Turn 3</h2><div class="chat"><small> phantom0rion joined</small></div><div class="spacer battle-history"><br></div><div class="battle-history">ksch withdrew Darmanitan!<br></div><div class="battle-history">ksch sent out <strong>Roaring Moon</strong>!<br></div><div class="battle-history"><small>The opposing Roaring Moon was caught in a sticky web!</small><br></div><div class="battle-history"><small>The opposing Roaring Moon's Speed fell!</small><br></div><div class="spacer battle-history"><br></div><div class="battle-history">Solgaleo used <strong>Teleport</strong>!<br></div><div class="spacer battle-history"><br></div><div class="battle-history">Go! <strong>Marshadow</strong>!<br></div><div class="spacer battle-history"><br></div><h2 class="battle-history">Turn 4</h2><div class="spacer battle-history"><br></div><div class="battle-history">ksch withdrew Roaring Moon!<br></div><div class="battle-history">ksch sent out <strong>Tapu Lele</strong>!<br></div><div class="battle-history"><small>The opposing Tapu Lele was caught in a sticky web!</small><br></div><div class="battle-history"><small>The opposing Tapu Lele's Speed fell!</small><br></div><div class="battle-history">[The opposing Tapu Lele's Psychic Surge]<br><small>The battlefield got weird!</small><br></div><div class="spacer battle-history"><br></div><div class="battle-history">Marshadow used <strong>Close Combat</strong>!<br></div><div class="battle-history"><small>It's not very effective...</small><br></div><div class="battle-history"><small>(The opposing Tapu Lele lost 20% of its health!)</small><br></div><div class="battle-history"><small>Marshadow's Defense fell!</small><br></div><div class="battle-history"><small>Marshadow's Sp. Def fell!</small><br></div><div class="spacer battle-history"><br></div><h2 class="battle-history">Turn 5</h2><div class="chat"><small> Ocarina919 and  25Days joined</small></div><div class="spacer battle-history"><br></div><div class="battle-history">Marshadow used <strong>Spectral Thief</strong>!<br></div><div class="battle-history"><small>It's super effective!</small><br></div><div class="battle-history"><small>(The opposing Tapu Lele lost 80% of its health!)</small><br></div><div class="spacer battle-history"><br></div><div class="battle-history">The opposing Tapu Lele fainted!<br></div><div class="spacer battle-history"><br></div><div class="battle-history">ksch sent out <strong>Ferrothorn</strong>!<br></div><div class="battle-history"><small>The opposing Ferrothorn was caught in a sticky web!</small><br></div><div class="battle-history"><small>The opposing Ferrothorn's Speed fell!</small><br></div><div class="spacer battle-history"><br></div><h2 class="battle-history">Turn 6</h2><div class="chat"><small> 25Days left</small></div><div class="spacer battle-history"><br></div><div class="battle-history">Marshadow, come back!<br></div><div class="battle-history">Go! <strong>Solgaleo</strong>!<br></div><div class="spacer battle-history"><br></div><div class="battle-history">The opposing Ferrothorn used <strong>Gyro Ball</strong>!<br></div><div class="battle-history"><small>It's not very effective...</small><br></div><div class="battle-history"><small>(Solgaleo lost 11% of its health!)</small><br></div><div class="spacer battle-history"><br></div><div class="battle-history"><small>Solgaleo restored a little HP using its Leftovers!</small><br></div><div class="spacer battle-history"><br></div><h2 class="battle-history">Turn 7</h2><div class="spacer battle-history"><br></div><div class="battle-history">ksch withdrew Ferrothorn!<br></div><div class="battle-history">ksch sent out <strong>Sandy Shocks</strong>!<br></div><div class="battle-history"><small>The opposing Sandy Shocks was caught in a sticky web!</small><br></div><div class="battle-history"><small>The opposing Sandy Shocks's Speed fell!</small><br></div><div class="spacer battle-history"><br></div><div class="battle-history">Solgaleo used <strong>Flare Blitz</strong>!<br></div><div class="battle-history"><small>(The opposing Sandy Shocks lost 40% of its health!)</small><br></div><div class="battle-history"><small>Solgaleo was damaged by the recoil!</small><br></div><div class="spacer battle-history"><br></div><div class="battle-history"><small>Solgaleo restored a little HP using its Leftovers!</small><br></div><div class="spacer battle-history"><br></div><h2 class="battle-history">Turn 8</h2><div class="spacer battle-history"><br></div><div class="battle-history">Solgaleo, come back!<br></div><div class="battle-history">Go! <strong>Landorus</strong>!<br></div><div class="spacer battle-history"><br></div><div class="battle-history"><small>The opposing Sandy Shocks has Terastallized into the Ice-type!</small><br></div><div class="spacer battle-history"><br></div><div class="battle-history">The opposing Sandy Shocks used <strong>Tera Blast</strong>!<br></div><div class="battle-history"><small>It's super effective!</small><br></div><div class="battle-history"><small>(Landorus lost 100% of its health!)</small><br></div><div class="spacer battle-history"><br></div><div class="battle-history">Landorus fainted!<br></div><div class="spacer battle-history"><br></div><div class="battle-history"><small>The weirdness disappeared from the battlefield!</small><br></div><div class="spacer battle-history"><br></div><div class="battle-history">Go! <strong>Marshadow</strong>!<br></div><div class="spacer battle-history"><br></div><h2 class="battle-history">Turn 9</h2><div class="spacer battle-history"><br></div><div class="battle-history">ksch withdrew Sandy Shocks!<br></div><div class="battle-history">ksch sent out <strong>Pheromosa</strong>!<br></div><div class="battle-history"><small>The opposing Pheromosa was caught in a sticky web!</small><br></div><div class="battle-history"><small>The opposing Pheromosa's Speed fell!</small><br></div><div class="spacer battle-history"><br></div><div class="battle-history">Marshadow used <strong>Close Combat</strong>!<br></div><div class="battle-history"><small>It's not very effective...</small><br></div><div class="battle-history"><small>(The opposing Pheromosa lost 66% of its health!)</small><br></div><div class="battle-history"><small>Marshadow's Defense fell!</small><br></div><div class="battle-history"><small>Marshadow's Sp. Def fell!</small><br></div><div class="spacer battle-history"><br></div><h2 class="battle-history">Turn 10</h2><div class="spacer battle-history"><br></div><div class="battle-history">Marshadow used <strong>Close Combat</strong>!<br></div><div class="battle-history"><small>It's not very effective...</small><br></div><div class="battle-history"><small>(The opposing Pheromosa lost 34% of its health!)</small><br></div><div class="battle-history"><small>Marshadow's Defense fell!</small><br></div><div class="battle-history"><small>Marshadow's Sp. Def fell!</small><br></div><div class="spacer battle-history"><br></div><div class="battle-history">The opposing Pheromosa fainted!<br></div><div class="spacer battle-history"><br></div><div class="battle-history">ksch sent out <strong>Ferrothorn</strong>!<br></div><div class="battle-history"><small>The opposing Ferrothorn was caught in a sticky web!</small><br></div><div class="battle-history"><small>The opposing Ferrothorn's Speed fell!</small><br></div><div class="spacer battle-history"><br></div><h2 class="battle-history">Turn 11</h2><div class="spacer battle-history"><br></div><div class="battle-history">Marshadow, come back!<br></div><div class="battle-history">Go! <strong>Solgaleo</strong>!<br></div><div class="spacer battle-history"><br></div><div class="battle-history">ksch withdrew Ferrothorn!<br></div><div class="battle-history">ksch sent out <strong>Sandy Shocks</strong>!<br></div><div class="battle-history"><small>The opposing Sandy Shocks was caught in a sticky web!</small><br></div><div class="battle-history"><small>The opposing Sandy Shocks's Speed fell!</small><br></div><div class="spacer battle-history"><br></div><div class="battle-history"><small>Solgaleo restored a little HP using its Leftovers!</small><br></div><div class="spacer battle-history"><br></div><h2 class="battle-history">Turn 12</h2><div class="spacer battle-history"><br></div><div class="battle-history">The opposing Sandy Shocks used <strong>Earth Power</strong>!<br></div><div class="battle-history"><small>It's super effective!</small><br></div><div class="battle-history"><small>(Solgaleo lost 71% of its health!)</small><br></div><div class="spacer battle-history"><br></div><div class="battle-history">Solgaleo used <strong>Sunsteel Strike</strong>!<br></div><div class="battle-history"><small>It's super effective!</small><br></div><div class="battle-history"><small>(The opposing Sandy Shocks lost 60% of its health!)</small><br></div><div class="spacer battle-history"><br></div><div class="battle-history">The opposing Sandy Shocks fainted!<br></div><div class="spacer battle-history"><br></div><div class="battle-history"><small>Solgaleo restored a little HP using its Leftovers!</small><br></div><div class="spacer battle-history"><br></div><div class="battle-history">ksch sent out Darmanitan (<strong>Darmanitan-Galar</strong>)!<br></div><div class="battle-history"><small>The opposing Darmanitan was caught in a sticky web!</small><br></div><div class="battle-history"><small>The opposing Darmanitan's Speed fell!</small><br></div><div class="spacer battle-history"><br></div><h2 class="battle-history">Turn 13</h2><div class="spacer battle-history"><br></div><div class="battle-history">Solgaleo, come back!<br></div><div class="battle-history">Go! <strong>Galvantula</strong>!<br></div><div class="spacer battle-history"><br></div><div class="battle-history">The opposing Darmanitan used <strong>Earthquake</strong>!<br></div><div class="battle-history"><small>(Galvantula lost 1% of its health!)</small><br></div><div class="spacer battle-history"><br></div><div class="battle-history">Galvantula fainted!<br></div><div class="spacer battle-history"><br></div><div class="battle-history">Go! <strong>Marshadow</strong>!<br></div><div class="spacer battle-history"><br></div><h2 class="battle-history">Turn 14</h2><div class="spacer battle-history"><br></div><div class="battle-history">Marshadow used <strong>Close Combat</strong>!<br></div><div class="battle-history"><small>It's super effective!</small><br></div><div class="battle-history"><small>(The opposing Darmanitan lost 100% of its health!)</small><br></div><div class="battle-history"><small>Marshadow's Defense fell!</small><br></div><div class="battle-history"><small>Marshadow's Sp. Def fell!</small><br></div><div class="spacer battle-history"><br></div><div class="battle-history">The opposing Darmanitan fainted!<br></div><div class="spacer battle-history"><br></div><div class="battle-history">ksch sent out <strong>Ferrothorn</strong>!<br></div><div class="battle-history"><small>The opposing Ferrothorn was caught in a sticky web!</small><br></div><div class="battle-history"><small>The opposing Ferrothorn's Speed fell!</small><br></div><div class="spacer battle-history"><br></div><h2 class="battle-history">Turn 15</h2><div class="spacer battle-history"><br></div><div class="battle-history">Marshadow, come back!<br></div><div class="battle-history">Go! <strong>Solgaleo</strong>!<br></div><div class="spacer battle-history"><br></div><div class="battle-history">The opposing Ferrothorn used <strong>Leech Seed</strong>!<br></div><div class="battle-history"><small>Solgaleo was seeded!</small><br></div><div class="spacer battle-history"><br></div><div class="battle-history"><small>Solgaleo restored a little HP using its Leftovers!</small><br></div><div class="battle-history"><small>Solgaleo's health is sapped by Leech Seed!</small><br></div><div class="spacer battle-history"><br></div><h2 class="battle-history">Turn 16</h2><div class="spacer battle-history"><br></div><div class="battle-history">ksch withdrew Ferrothorn!<br></div><div class="battle-history">ksch sent out <strong>Roaring Moon</strong>!<br></div><div class="battle-history"><small>The opposing Roaring Moon was caught in a sticky web!</small><br></div><div class="battle-history"><small>The opposing Roaring Moon's Speed fell!</small><br></div><div class="spacer battle-history"><br></div><div class="battle-history">Solgaleo used <strong>Teleport</strong>!<br></div><div class="spacer battle-history"><br></div><div class="battle-history">Go! <strong>Marshadow</strong>!<br></div><div class="spacer battle-history"><br></div><h2 class="battle-history">Turn 17</h2><div class="spacer battle-history"><br></div><div class="battle-history">Marshadow used <strong>Close Combat</strong>!<br></div><div class="battle-history"><small>It's super effective!</small><br></div><div class="battle-history"><small>(The opposing Roaring Moon lost 100% of its health!)</small><br></div><div class="battle-history"><small>Marshadow's Defense fell!</small><br></div><div class="battle-history"><small>Marshadow's Sp. Def fell!</small><br></div><div class="spacer battle-history"><br></div><div class="battle-history">The opposing Roaring Moon fainted!<br></div><div class="spacer battle-history"><br></div><div class="battle-history">ksch sent out <strong>Ferrothorn</strong>!<br></div><div class="battle-history"><small>The opposing Ferrothorn was caught in a sticky web!</small><br></div><div class="battle-history"><small>The opposing Ferrothorn's Speed fell!</small><br></div><div class="spacer battle-history"><br></div><h2 class="battle-history">Turn 18</h2><div class="spacer battle-history"><br></div><div class="battle-history">Marshadow, come back!<br></div><div class="battle-history">Go! <strong>Solgaleo</strong>!<br></div><div class="spacer battle-history"><br></div><div class="battle-history">The opposing Ferrothorn used <strong>Gyro Ball</strong>!<br></div><div class="battle-history"><small>It's not very effective...</small><br></div><div class="battle-history"><small>(Solgaleo lost 11% of its health!)</small><br></div><div class="spacer battle-history"><br></div><div class="battle-history"><small>Solgaleo restored a little HP using its Leftovers!</small><br></div><div class="spacer battle-history"><br></div><h2 class="battle-history">Turn 19</h2><div class="spacer battle-history"><br></div><div class="battle-history">The opposing Ferrothorn used <strong>Endure</strong>!<br></div><div class="battle-history"><small>The opposing Ferrothorn braced itself!</small><br></div><div class="spacer battle-history"><br></div><div class="battle-history">Solgaleo used <strong>Morning Sun</strong>!<br></div><div class="battle-history"><small>Solgaleo had its HP restored.</small><br></div><div class="spacer battle-history"><br></div><div class="battle-history"><small>Solgaleo restored a little HP using its Leftovers!</small><br></div><div class="spacer battle-history"><br></div><h2 class="battle-history">Turn 20</h2><div class="spacer battle-history"><br></div><div class="battle-history">Solgaleo used <strong>Flare Blitz</strong>!<br></div><div class="battle-history"><small>It's super effective!</small><br></div><div class="battle-history"><small>A critical hit!</small><br></div><div class="battle-history"><small>(The opposing Ferrothorn lost 100% of its health!)</small><br></div><div class="battle-history">[The opposing Ferrothorn's Iron Barbs]<br><small>Solgaleo was hurt!</small><br></div><div class="battle-history"><small>Solgaleo was hurt by the Rocky Helmet!</small><br></div><div class="spacer battle-history"><br></div><div class="battle-history">The opposing Ferrothorn fainted!<br></div><div class="battle-history"><small>Solgaleo was damaged by the recoil!</small><br></div><div class="spacer battle-history"><br></div><div class="battle-history"><strong>Gym Leder Brawl</strong> won the battle!<br></div><div class="chat"><small>☆ksch left</small></div><div class="chat chatmessage-gymlederbrawl"><strong style="color:#33a661"><small class="groupsymbol">☆</small><span class="username">Gym Leder Brawl</span>:</strong> <em>Gg</em></div></div><div class="inner-preempt message-log"></div></div></div>
</div>
<script>
let daily = Math.floor(Date.now()/1000/60/60/24);document.write('<script src="https://play.pokemonshowdown.com/js/replay-embed.js?version'+daily+'"></'+'script>');
</script>
