<!DOCTYPE html>
<meta charset="utf-8" />
<!-- version 1 -->
<title>[Gen 9] NatDex Draft replay: Gym Leder Brawl vs. conundromic</title>
<style>
html,body {font-family:Verdana, sans-serif;font-size:10pt;margin:0;padding:0;}body{padding:12px 0;} .battle-log {font-family:Verdana, sans-serif;font-size:10pt;} .battle-log-inline {border:1px solid #AAAAAA;background:#EEF2F5;color:black;max-width:640px;margin:0 auto 80px;padding-bottom:5px;} .battle-log .inner {padding:4px 8px 0px 8px;} .battle-log .inner-preempt {padding:0 8px 4px 8px;} .battle-log .inner-after {margin-top:0.5em;} .battle-log h2 {margin:0.5em -8px;padding:4px 8px;border:1px solid #AAAAAA;background:#E0E7EA;border-left:0;border-right:0;font-family:Verdana, sans-serif;font-size:13pt;} .battle-log .chat {vertical-align:middle;padding:3px 0 3px 0;font-size:8pt;} .battle-log .chat strong {color:#40576A;} .battle-log .chat em {padding:1px 4px 1px 3px;color:#000000;font-style:normal;} .chat.mine {background:rgba(0,0,0,0.05);margin-left:-8px;margin-right:-8px;padding-left:8px;padding-right:8px;} .spoiler {color:#BBBBBB;background:#BBBBBB;padding:0px 3px;} .spoiler:hover, .spoiler:active, .spoiler-shown {color:#000000;background:#E2E2E2;padding:0px 3px;} .spoiler a {color:#BBBBBB;} .spoiler:hover a, .spoiler:active a, .spoiler-shown a {color:#2288CC;} .chat code, .chat .spoiler:hover code, .chat .spoiler:active code, .chat .spoiler-shown code {border:1px solid #C0C0C0;background:#EEEEEE;color:black;padding:0 2px;} .chat .spoiler code {border:1px solid #CCCCCC;background:#CCCCCC;color:#CCCCCC;} .battle-log .rated {padding:3px 4px;} .battle-log .rated strong {color:white;background:#89A;padding:1px 4px;border-radius:4px;} .spacer {margin-top:0.5em;} .message-announce {background:#6688AA;color:white;padding:1px 4px 2px;} .message-announce a, .broadcast-green a, .broadcast-blue a, .broadcast-red a {color:#DDEEFF;} .broadcast-green {background-color:#559955;color:white;padding:2px 4px;} .broadcast-blue {background-color:#6688AA;color:white;padding:2px 4px;} .infobox {border:1px solid #6688AA;padding:2px 4px;} .infobox-limited {max-height:200px;overflow:auto;overflow-x:hidden;} .broadcast-red {background-color:#AA5544;color:white;padding:2px 4px;} .message-learn-canlearn {font-weight:bold;color:#228822;text-decoration:underline;} .message-learn-cannotlearn {font-weight:bold;color:#CC2222;text-decoration:underline;} .message-effect-weak {font-weight:bold;color:#CC2222;} .message-effect-resist {font-weight:bold;color:#6688AA;} .message-effect-immune {font-weight:bold;color:#666666;} .message-learn-list {margin-top:0;margin-bottom:0;} .message-throttle-notice, .message-error {color:#992222;} .message-overflow, .chat small.message-overflow {font-size:0pt;} .message-overflow::before {font-size:9pt;content:'...';} .subtle {color:#3A4A66;}
</style>
<div class="wrapper replay-wrapper" style="max-width:1180px;margin:0 auto">
<input type="hidden" name="replayid" value="gen9natdexdraft-2157610984" />
<div class="battle"></div><div class="battle-log"></div><div class="replay-controls"></div><div class="replay-controls-2"></div>
<h1 style="font-weight:normal;text-align:center"><strong>[Gen 9] NatDex Draft</strong><br /><a href="http://pokemonshowdown.com/users/gymlederbrawl" class="subtle" target="_blank">Gym Leder Brawl</a> vs. <a href="http://pokemonshowdown.com/users/conundromic" class="subtle" target="_blank">conundromic</a></h1>
<script type="text/plain" class="battle-log-data">
|j|☆Gym Leder Brawl
|j|☆conundromic
|t:|1720490739
|gametype|singles
|player|p1|Gym Leder Brawl|1|
|player|p2|conundromic|2|
|teamsize|p1|6
|teamsize|p2|6
|gen|9
|tier|[Gen 9] NatDex Draft
|rule|Sleep Clause Mod: Limit one foe put to sleep
|rule|OHKO Clause: OHKO moves are banned
|rule|Evasion Clause: Evasion abilities, items, and moves are banned
|rule|Evasion Abilities Clause: Evasion abilities are banned
|rule|Evasion Items Clause: Evasion items are banned
|rule|Evasion Moves Clause: Evasion moves are banned
|rule|Endless Battle Clause: Forcing endless battles is banned
|rule|HP Percentage Mod: HP is shown in percentages
|clearpoke
|poke|p1|Landorus, M|
|poke|p1|Heatran, F|
|poke|p1|Lucario, F|
|poke|p1|Tangrowth, F|
|poke|p1|Weavile, F|
|poke|p1|Milotic, F|
|poke|p2|Dragapult, M|
|poke|p2|Donphan, F|
|poke|p2|Gardevoir, M|
|poke|p2|Alomomola, F|
|poke|p2|Ferrothorn, F|
|poke|p2|Okidogi, M|
|teampreview
|j| ChillerFrost
|j| Phantom0rion
|j| Kaui
|j| serendipidu
|j| Crown Oji
|j| DyegoFra
|c| DyegoFra|when the dogi is oki
|
|t:|1720490880
|start
|switch|p1a: Weavile|Weavile, F|100\/100
|switch|p2a: Alomomola|Alomomola, F|100\/100
|turn|1
|
|t:|1720490898
|move|p1a: Weavile|Knock Off|p2a: Alomomola
|-damage|p2a: Alomomola|67\/100
|-enditem|p2a: Alomomola|Leftovers|[from] move: Knock Off|[of] p1a: Weavile
|move|p2a: Alomomola|Flip Turn|p1a: Weavile
|-damage|p1a: Weavile|71\/100
|j| imred65
|
|t:|1720490964
|switch|p2a: Dragapult|Dragapult, M|100\/100|[from] Flip Turn
|
|upkeep
|turn|2
|j| DoctaShock
|j| tomkeap
|
|t:|1720491057
|switch|p1a: Milotic|Milotic, F|100\/100
|move|p2a: Dragapult|U-turn|p1a: Milotic
|-damage|p1a: Milotic|84\/100
|
|t:|1720491063
|switch|p2a: Ferrothorn|Ferrothorn, F|100\/100|[from] U-turn
|
|-heal|p1a: Milotic|90\/100|[from] item: Leftovers
|upkeep
|turn|3
|
|t:|1720491093
|switch|p1a: Heatran|Heatran, F|100\/100
|move|p2a: Ferrothorn|Knock Off|p1a: Heatran
|-damage|p1a: Heatran|83\/100
|-enditem|p1a: Heatran|Leftovers|[from] move: Knock Off|[of] p2a: Ferrothorn
|
|upkeep
|turn|4
|
|t:|1720491106
|switch|p2a: Alomomola|Alomomola, F|100\/100
|move|p1a: Heatran|Magma Storm|p2a: Alomomola|[miss]
|-miss|p1a: Heatran|p2a: Alomomola
|
|upkeep
|turn|5
|
|t:|1720491112
|move|p1a: Heatran|Toxic|p2a: Alomomola
|-status|p2a: Alomomola|tox
|move|p2a: Alomomola|Flip Turn|p1a: Heatran
|-supereffective|p1a: Heatran
|-damage|p1a: Heatran|54\/100
|j| daotxtoad
|j| ksch
|
|t:|1720491215
|switch|p2a: Donphan|Donphan, F|100\/100|[from] Flip Turn
|
|upkeep
|turn|6
|j| Shhshsjdd
|
|t:|1720491235
|move|p1a: Heatran|Magma Storm|p2a: Donphan
|-damage|p2a: Donphan|40\/100
|-activate|p2a: Donphan|move: Magma Storm|[of] p1a: Heatran
|move|p2a: Donphan|Stealth Rock|p1a: Heatran
|-sidestart|p1: Gym Leder Brawl|move: Stealth Rock
|
|-heal|p2a: Donphan|46\/100|[from] item: Leftovers
|-damage|p2a: Donphan|33\/100|[from] move: Magma Storm|[partiallytrapped]
|upkeep
|turn|7
|
|t:|1720491245
|move|p2a: Donphan|Ice Shard|p1a: Heatran
|-resisted|p1a: Heatran
|-damage|p1a: Heatran|51\/100
|move|p1a: Heatran|Magma Storm|p2a: Donphan
|-damage|p2a: Donphan|0 fnt
|faint|p2a: Donphan
|
|upkeep
|
|t:|1720491259
|switch|p2a: Alomomola|Alomomola, F|100\/100 tox
|turn|8
|
|t:|1720491262
|move|p1a: Heatran|Stealth Rock|p2a: Alomomola
|-sidestart|p2: conundromic|move: Stealth Rock
|move|p2a: Alomomola|Flip Turn|p1a: Heatran
|-supereffective|p1a: Heatran
|-crit|p1a: Heatran
|-damage|p1a: Heatran|13\/100
|
|t:|1720491273
|switch|p2a: Gardevoir|Gardevoir, M|100\/100|[from] Flip Turn
|-damage|p2a: Gardevoir|88\/100|[from] Stealth Rock
|-ability|p2a: Gardevoir|Flash Fire|[from] ability: Trace|[of] p1a: Heatran
|
|upkeep
|turn|9
|
|t:|1720491282
|detailschange|p2a: Gardevoir|Gardevoir-Mega, M
|-mega|p2a: Gardevoir|Gardevoir|Gardevoirite
|move|p2a: Gardevoir|Hyper Voice|p1a: Heatran
|-resisted|p1a: Heatran
|-damage|p1a: Heatran|4\/100
|move|p1a: Heatran|Heavy Slam|p2a: Gardevoir
|-supereffective|p2a: Gardevoir
|-damage|p2a: Gardevoir|0 fnt
|faint|p2a: Gardevoir
|
|upkeep
|
|t:|1720491295
|switch|p2a: Dragapult|Dragapult, M|100\/100
|-damage|p2a: Dragapult|88\/100|[from] Stealth Rock
|turn|10
|
|t:|1720491333
|move|p2a: Dragapult|U-turn|p1a: Heatran
|-resisted|p1a: Heatran
|-damage|p1a: Heatran|0 fnt
|faint|p1a: Heatran
|
|t:|1720491347
|switch|p2a: Ferrothorn|Ferrothorn, F|100\/100|[from] U-turn
|-damage|p2a: Ferrothorn|94\/100|[from] Stealth Rock
|
|-heal|p2a: Ferrothorn|100\/100|[from] item: Leftovers
|upkeep
|
|t:|1720491371
|switch|p1a: Lucario|Lucario, F|100\/100
|-damage|p1a: Lucario|98\/100|[from] Stealth Rock
|turn|11
|
|t:|1720491387
|switch|p2a: Okidogi|Okidogi, M|100\/100
|-damage|p2a: Okidogi|94\/100|[from] Stealth Rock
|move|p1a: Lucario|Aura Sphere|p2a: Okidogi
|-resisted|p2a: Okidogi
|-crit|p2a: Okidogi
|-damage|p2a: Okidogi|64\/100
|-damage|p1a: Lucario|88\/100|[from] item: Life Orb
|
|-heal|p2a: Okidogi|70\/100|[from] item: Leftovers
|upkeep
|turn|12
|
|t:|1720491448
|switch|p2a: Alomomola|Alomomola, F|100\/100 tox
|-damage|p2a: Alomomola|88\/100 tox|[from] Stealth Rock
|move|p1a: Lucario|Psychic|p2a: Alomomola
|-damage|p2a: Alomomola|56\/100 tox
|-damage|p1a: Lucario|78\/100|[from] item: Life Orb
|
|-damage|p2a: Alomomola|50\/100 tox|[from] psn
|upkeep
|turn|13
|l| imred65
|
|t:|1720491511
|switch|p1a: Milotic|Milotic, F|90\/100
|-damage|p1a: Milotic|78\/100|[from] Stealth Rock
|move|p2a: Alomomola|Flip Turn|p1a: Milotic
|-resisted|p1a: Milotic
|-damage|p1a: Milotic|69\/100
|
|t:|1720491535
|switch|p2a: Ferrothorn|Ferrothorn, F|100\/100|[from] Flip Turn
|-damage|p2a: Ferrothorn|94\/100|[from] Stealth Rock
|
|-heal|p1a: Milotic|76\/100|[from] item: Leftovers
|-heal|p2a: Ferrothorn|100\/100|[from] item: Leftovers
|upkeep
|turn|14
|
|t:|1720491560
|switch|p1a: Weavile|Weavile, F|71\/100
|-damage|p1a: Weavile|46\/100|[from] Stealth Rock
|move|p2a: Ferrothorn|Knock Off|p1a: Weavile
|-resisted|p1a: Weavile
|-damage|p1a: Weavile|27\/100
|-enditem|p1a: Weavile|Protective Pads|[from] move: Knock Off|[of] p2a: Ferrothorn
|-enditem|p2a: Ferrothorn|Leftovers|[silent]|[from] ability: Pickpocket|[of] p2a: Ferrothorn
|-item|p1a: Weavile|Leftovers|[from] ability: Pickpocket|[of] p2a: Ferrothorn
|
|-heal|p1a: Weavile|33\/100|[from] item: Leftovers
|upkeep
|turn|15
|
|t:|1720491621
|move|p1a: Weavile|Low Kick|p2a: Ferrothorn
|-supereffective|p2a: Ferrothorn
|-damage|p2a: Ferrothorn|44\/100
|-damage|p1a: Weavile|21\/100|[from] ability: Iron Barbs|[of] p2a: Ferrothorn
|move|p2a: Ferrothorn|Leech Seed|p1a: Weavile
|-start|p1a: Weavile|move: Leech Seed
|
|-heal|p1a: Weavile|27\/100|[from] item: Leftovers
|-damage|p1a: Weavile|14\/100|[from] Leech Seed|[of] p2a: Ferrothorn
|-heal|p2a: Ferrothorn|54\/100|[silent]
|upkeep
|turn|16
|
|t:|1720491636
|switch|p2a: Alomomola|Alomomola, F|83\/100 tox
|-damage|p2a: Alomomola|71\/100 tox|[from] Stealth Rock
|move|p1a: Weavile|Swords Dance|p1a: Weavile
|-boost|p1a: Weavile|atk|2
|
|-heal|p1a: Weavile|20\/100|[from] item: Leftovers
|-damage|p1a: Weavile|8\/100|[from] Leech Seed|[of] p2a: Alomomola
|-heal|p2a: Alomomola|78\/100 tox|[silent]
|-damage|p2a: Alomomola|72\/100 tox|[from] psn
|upkeep
|turn|17
|
|t:|1720491648
|move|p2a: Alomomola|Protect|p2a: Alomomola
|-singleturn|p2a: Alomomola|Protect
|move|p1a: Weavile|Knock Off|p2a: Alomomola
|-activate|p2a: Alomomola|move: Protect
|
|-heal|p1a: Weavile|14\/100|[from] item: Leftovers
|-damage|p1a: Weavile|2\/100|[from] Leech Seed|[of] p2a: Alomomola
|-heal|p2a: Alomomola|79\/100 tox|[silent]
|-damage|p2a: Alomomola|67\/100 tox|[from] psn
|upkeep
|turn|18
|j| Ocarina919
|
|t:|1720491730
|move|p2a: Alomomola|Protect||[still]
|-fail|p2a: Alomomola
|move|p1a: Weavile|Knock Off|p2a: Alomomola
|-damage|p2a: Alomomola|25\/100 tox
|
|-heal|p1a: Weavile|8\/100|[from] item: Leftovers
|-damage|p1a: Weavile|0 fnt|[from] Leech Seed|[of] p2a: Alomomola
|-heal|p2a: Alomomola|29\/100 tox|[silent]
|faint|p1a: Weavile
|-damage|p2a: Alomomola|10\/100 tox|[from] psn
|upkeep
|
|t:|1720491772
|switch|p1a: Landorus|Landorus, M|100\/100
|-damage|p1a: Landorus|88\/100|[from] Stealth Rock
|turn|19
|
|t:|1720491824
|move|p1a: Landorus|Earth Power|p2a: Alomomola
|-damage|p2a: Alomomola|0 fnt
|faint|p2a: Alomomola
|
|upkeep
|
|t:|1720491837
|switch|p2a: Dragapult|Dragapult, M|88\/100
|-damage|p2a: Dragapult|76\/100|[from] Stealth Rock
|turn|20
|
|t:|1720491843
|switch|p1a: Tangrowth|Tangrowth, F|100\/100
|-damage|p1a: Tangrowth|88\/100|[from] Stealth Rock
|move|p2a: Dragapult|Draco Meteor|p1a: Tangrowth
|-damage|p1a: Tangrowth|39\/100
|-unboost|p2a: Dragapult|spa|2
|
|upkeep
|turn|21
|
|t:|1720491913
|switch|p2a: Ferrothorn|Ferrothorn, F|54\/100
|-damage|p2a: Ferrothorn|48\/100|[from] Stealth Rock
|move|p1a: Tangrowth|Earthquake|p2a: Ferrothorn
|-damage|p2a: Ferrothorn|31\/100
|
|upkeep
|turn|22
|
|t:|1720491927
|move|p1a: Tangrowth|Focus Blast|p2a: Ferrothorn|[miss]
|-miss|p1a: Tangrowth|p2a: Ferrothorn
|move|p2a: Ferrothorn|Toxic|p1a: Tangrowth
|-status|p1a: Tangrowth|tox
|
|-damage|p1a: Tangrowth|33\/100 tox|[from] psn
|upkeep
|turn|23
|
|t:|1720491936
|switch|p2a: Okidogi|Okidogi, M|70\/100
|-damage|p2a: Okidogi|64\/100|[from] Stealth Rock
|move|p1a: Tangrowth|Focus Blast|p2a: Okidogi
|-resisted|p2a: Okidogi
|-damage|p2a: Okidogi|51\/100
|
|-heal|p2a: Okidogi|57\/100|[from] item: Leftovers
|-damage|p1a: Tangrowth|21\/100 tox|[from] psn
|upkeep
|turn|24
|
|t:|1720491991
|move|p2a: Okidogi|Drain Punch|p1a: Tangrowth
|-damage|p1a: Tangrowth|0 fnt
|-heal|p2a: Okidogi|68\/100|[from] drain|[of] p1a: Tangrowth
|faint|p1a: Tangrowth
|
|-heal|p2a: Okidogi|74\/100|[from] item: Leftovers
|upkeep
|
|t:|1720492002
|switch|p1a: Landorus|Landorus, M|88\/100
|-damage|p1a: Landorus|76\/100|[from] Stealth Rock
|turn|25
|
|t:|1720492010
|move|p1a: Landorus|Earth Power|p2a: Okidogi
|-supereffective|p2a: Okidogi
|-damage|p2a: Okidogi|0 fnt
|faint|p2a: Okidogi
|
|upkeep
|
|t:|1720492016
|switch|p2a: Dragapult|Dragapult, M|76\/100
|-damage|p2a: Dragapult|64\/100|[from] Stealth Rock
|turn|26
|
|t:|1720492154
|switch|p1a: Milotic|Milotic, F|76\/100
|-damage|p1a: Milotic|63\/100|[from] Stealth Rock
|move|p2a: Dragapult|Draco Meteor|p1a: Milotic
|-damage|p1a: Milotic|18\/100
|-unboost|p2a: Dragapult|spa|2
|
|-heal|p1a: Milotic|24\/100|[from] item: Leftovers
|upkeep
|turn|27
|j| imred65
|
|t:|1720492175
|switch|p2a: Ferrothorn|Ferrothorn, F|31\/100
|-damage|p2a: Ferrothorn|25\/100|[from] Stealth Rock
|move|p1a: Milotic|Recover|p1a: Milotic
|-heal|p1a: Milotic|74\/100
|
|-heal|p1a: Milotic|80\/100|[from] item: Leftovers
|upkeep
|turn|28
|l| imred65
|
|t:|1720492193
|switch|p1a: Landorus|Landorus, M|76\/100
|-damage|p1a: Landorus|63\/100|[from] Stealth Rock
|move|p2a: Ferrothorn|Leech Seed|p1a: Landorus
|-start|p1a: Landorus|move: Leech Seed
|
|-damage|p1a: Landorus|51\/100|[from] Leech Seed|[of] p2a: Ferrothorn
|-heal|p2a: Ferrothorn|37\/100|[silent]
|upkeep
|turn|29
|
|t:|1720492211
|move|p1a: Landorus|Earth Power|p2a: Ferrothorn
|-damage|p2a: Ferrothorn|0 fnt
|faint|p2a: Ferrothorn
|
|upkeep
|
|t:|1720492216
|switch|p2a: Dragapult|Dragapult, M|64\/100
|-damage|p2a: Dragapult|51\/100|[from] Stealth Rock
|turn|30
|
|t:|1720492223
|move|p2a: Dragapult|Shadow Ball|p1a: Landorus
|-damage|p1a: Landorus|0 fnt
|faint|p1a: Landorus
|
|upkeep
|
|t:|1720492227
|switch|p1a: Milotic|Milotic, F|80\/100
|-damage|p1a: Milotic|68\/100|[from] Stealth Rock
|turn|31
|
|t:|1720492235
|move|p2a: Dragapult|Shadow Ball|p1a: Milotic
|-damage|p1a: Milotic|37\/100
|-unboost|p1a: Milotic|spd|1
|move|p1a: Milotic|Mirror Coat|p2a: Dragapult
|-damage|p2a: Dragapult|0 fnt
|faint|p2a: Dragapult
|
|win|Gym Leder Brawl
|c|☆conundromic|gg
|c|☆Gym Leder Brawl|ggs
|l| DyegoFra
|l| Shhshsjdd
|l| tomkeap

</script>
</div>
<div class="battle-log battle-log-inline"><div class="inner"><div class="battle-options"></div><div class="inner message-log"><div class="chat"><small>☆Gym Leder Brawl and ☆conundromic joined</small></div><div class=""><small>Format:</small> <br><strong>[Gen 9] NatDex Draft</strong></div><div class=""><small><em>Sleep Clause Mod:</em> Limit one foe put to sleep</small></div><div class=""><small><em>OHKO Clause:</em> OHKO moves are banned</small></div><div class=""><small><em>Evasion Clause:</em> Evasion abilities, items, and moves are banned</small></div><div class=""><small><em>Evasion Abilities Clause:</em> Evasion abilities are banned</small></div><div class=""><small><em>Evasion Items Clause:</em> Evasion items are banned</small></div><div class=""><small><em>Evasion Moves Clause:</em> Evasion moves are banned</small></div><div class=""><small><em>Endless Battle Clause:</em> Forcing endless battles is banned</small></div><div class=""><small><em>HP Percentage Mod:</em> HP is shown in percentages</small></div><div class="chat battle-history"><strong>Gym Leder Brawl's team:</strong> <em style="color:#445566;display:block;">Landorus / Heatran / Lucario / Tangrowth / Weavile / Milotic</em></div><div class="chat battle-history"><strong>conundromic's team:</strong> <em style="color:#445566;display:block;">Dragapult / Donphan / Gardevoir / Alomomola / Ferrothorn / Okidogi</em></div><div class="chat"><small> ChillerFrost,  Phantom0rion,  Kaui,  serendipidu,  Crown Oji, and  DyegoFra joined</small></div><div class="chat chatmessage-dyegofra"><strong style="color:#41980b"><small> </small><span class="username" data-name="DyegoFra">DyegoFra</span>:</strong> <em>when the dogi is oki</em></div><div class="spacer battle-history"><br></div><div class="battle-history">Battle started between Gym Leder Brawl and conundromic!<br></div><div class="spacer battle-history"><br></div><div class="battle-history">Go! <strong>Weavile</strong>!<br></div><div class="spacer battle-history"><br></div><div class="battle-history">conundromic sent out <strong>Alomomola</strong>!<br></div><div class="spacer battle-history"><br></div><h2 class="battle-history">Turn 1</h2><div class="spacer battle-history"><br></div><div class="battle-history">Weavile used <strong>Knock Off</strong>!<br></div><div class="battle-history"><small>(The opposing Alomomola lost 33% of its health!)</small><br></div><div class="battle-history"><small>Weavile knocked off the opposing Alomomola's Leftovers!</small><br></div><div class="spacer battle-history"><br></div><div class="battle-history">The opposing Alomomola used <strong>Flip Turn</strong>!<br></div><div class="battle-history"><small>(Weavile lost 29% of its health!)</small><br></div><div class="chat"><small> imred65 joined</small></div><div class="spacer battle-history"><br></div><div class="battle-history">The opposing Alomomola went back to conundromic!<br></div><div class="battle-history">conundromic sent out <strong>Dragapult</strong>!<br></div><div class="spacer battle-history"><br></div><h2 class="battle-history">Turn 2</h2><div class="chat"><small> DoctaShock and  tomkeap joined</small></div><div class="spacer battle-history"><br></div><div class="battle-history">Weavile, come back!<br></div><div class="battle-history">Go! <strong>Milotic</strong>!<br></div><div class="spacer battle-history"><br></div><div class="battle-history">The opposing Dragapult used <strong>U-turn</strong>!<br></div><div class="battle-history"><small>(Milotic lost 16% of its health!)</small><br></div><div class="spacer battle-history"><br></div><div class="battle-history">The opposing Dragapult went back to conundromic!<br></div><div class="battle-history">conundromic sent out <strong>Ferrothorn</strong>!<br></div><div class="spacer battle-history"><br></div><div class="battle-history"><small>Milotic restored a little HP using its Leftovers!</small><br></div><div class="spacer battle-history"><br></div><h2 class="battle-history">Turn 3</h2><div class="spacer battle-history"><br></div><div class="battle-history">Milotic, come back!<br></div><div class="battle-history">Go! <strong>Heatran</strong>!<br></div><div class="spacer battle-history"><br></div><div class="battle-history">The opposing Ferrothorn used <strong>Knock Off</strong>!<br></div><div class="battle-history"><small>(Heatran lost 17% of its health!)</small><br></div><div class="battle-history"><small>The opposing Ferrothorn knocked off Heatran's Leftovers!</small><br></div><div class="spacer battle-history"><br></div><h2 class="battle-history">Turn 4</h2><div class="spacer battle-history"><br></div><div class="battle-history">conundromic withdrew Ferrothorn!<br></div><div class="battle-history">conundromic sent out <strong>Alomomola</strong>!<br></div><div class="spacer battle-history"><br></div><div class="battle-history">Heatran used <strong>Magma Storm</strong>!<br></div><div class="battle-history"><small>The opposing Alomomola avoided the attack!</small><br></div><div class="spacer battle-history"><br></div><h2 class="battle-history">Turn 5</h2><div class="spacer battle-history"><br></div><div class="battle-history">Heatran used <strong>Toxic</strong>!<br></div><div class="battle-history"><small>The opposing Alomomola was badly poisoned!</small><br></div><div class="spacer battle-history"><br></div><div class="battle-history">The opposing Alomomola used <strong>Flip Turn</strong>!<br></div><div class="battle-history"><small>It's super effective!</small><br></div><div class="battle-history"><small>(Heatran lost 29% of its health!)</small><br></div><div class="chat"><small> daotxtoad and  ksch joined</small></div><div class="spacer battle-history"><br></div><div class="battle-history">The opposing Alomomola went back to conundromic!<br></div><div class="battle-history">conundromic sent out <strong>Donphan</strong>!<br></div><div class="spacer battle-history"><br></div><h2 class="battle-history">Turn 6</h2><div class="chat"><small> Shhshsjdd joined</small></div><div class="spacer battle-history"><br></div><div class="battle-history">Heatran used <strong>Magma Storm</strong>!<br></div><div class="battle-history"><small>(The opposing Donphan lost 60% of its health!)</small><br></div><div class="battle-history"><small>The opposing Donphan became trapped by swirling magma!</small><br></div><div class="spacer battle-history"><br></div><div class="battle-history">The opposing Donphan used <strong>Stealth Rock</strong>!<br></div><div class="battle-history"><small>Pointed stones float in the air around your team!</small><br></div><div class="spacer battle-history"><br></div><div class="battle-history"><small>The opposing Donphan restored a little HP using its Leftovers!</small><br></div><div class="battle-history"><small>The opposing Donphan is hurt by Magma Storm!</small><br></div><div class="spacer battle-history"><br></div><h2 class="battle-history">Turn 7</h2><div class="spacer battle-history"><br></div><div class="battle-history">The opposing Donphan used <strong>Ice Shard</strong>!<br></div><div class="battle-history"><small>It's not very effective...</small><br></div><div class="battle-history"><small>(Heatran lost 3% of its health!)</small><br></div><div class="spacer battle-history"><br></div><div class="battle-history">Heatran used <strong>Magma Storm</strong>!<br></div><div class="battle-history"><small>(The opposing Donphan lost 33% of its health!)</small><br></div><div class="spacer battle-history"><br></div><div class="battle-history">The opposing Donphan fainted!<br></div><div class="spacer battle-history"><br></div><div class="battle-history">conundromic sent out <strong>Alomomola</strong>!<br></div><div class="spacer battle-history"><br></div><h2 class="battle-history">Turn 8</h2><div class="spacer battle-history"><br></div><div class="battle-history">Heatran used <strong>Stealth Rock</strong>!<br></div><div class="battle-history"><small>Pointed stones float in the air around the opposing team!</small><br></div><div class="spacer battle-history"><br></div><div class="battle-history">The opposing Alomomola used <strong>Flip Turn</strong>!<br></div><div class="battle-history"><small>It's super effective!</small><br></div><div class="battle-history"><small>A critical hit!</small><br></div><div class="battle-history"><small>(Heatran lost 38% of its health!)</small><br></div><div class="spacer battle-history"><br></div><div class="battle-history">The opposing Alomomola went back to conundromic!<br></div><div class="battle-history">conundromic sent out <strong>Gardevoir</strong>!<br></div><div class="battle-history"><small>Pointed stones dug into the opposing Gardevoir!</small><br></div><div class="battle-history">[The opposing Gardevoir's Trace]<br>[The opposing Gardevoir's Flash Fire]<br><small>The opposing Gardevoir traced Heatran's Flash Fire!</small><br></div><div class="spacer battle-history"><br></div><h2 class="battle-history">Turn 9</h2><div class="spacer battle-history"><br></div><div class="battle-history"><small>The opposing Gardevoir's Gardevoirite is reacting to the Key Stone!</small><br>The opposing Gardevoir has Mega Evolved into Mega Gardevoir!<br></div><div class="spacer battle-history"><br></div><div class="battle-history">The opposing Gardevoir used <strong>Hyper Voice</strong>!<br></div><div class="battle-history"><small>It's not very effective...</small><br></div><div class="battle-history"><small>(Heatran lost 9% of its health!)</small><br></div><div class="spacer battle-history"><br></div><div class="battle-history">Heatran used <strong>Heavy Slam</strong>!<br></div><div class="battle-history"><small>It's super effective!</small><br></div><div class="battle-history"><small>(The opposing Gardevoir lost 88% of its health!)</small><br></div><div class="spacer battle-history"><br></div><div class="battle-history">The opposing Gardevoir fainted!<br></div><div class="spacer battle-history"><br></div><div class="battle-history">conundromic sent out <strong>Dragapult</strong>!<br></div><div class="battle-history"><small>Pointed stones dug into the opposing Dragapult!</small><br></div><div class="spacer battle-history"><br></div><h2 class="battle-history">Turn 10</h2><div class="spacer battle-history"><br></div><div class="battle-history">The opposing Dragapult used <strong>U-turn</strong>!<br></div><div class="battle-history"><small>It's not very effective...</small><br></div><div class="battle-history"><small>(Heatran lost 4% of its health!)</small><br></div><div class="spacer battle-history"><br></div><div class="battle-history">Heatran fainted!<br></div><div class="spacer battle-history"><br></div><div class="battle-history">The opposing Dragapult went back to conundromic!<br></div><div class="battle-history">conundromic sent out <strong>Ferrothorn</strong>!<br></div><div class="battle-history"><small>Pointed stones dug into the opposing Ferrothorn!</small><br></div><div class="spacer battle-history"><br></div><div class="battle-history"><small>The opposing Ferrothorn restored a little HP using its Leftovers!</small><br></div><div class="spacer battle-history"><br></div><div class="battle-history">Go! <strong>Lucario</strong>!<br></div><div class="battle-history"><small>Pointed stones dug into Lucario!</small><br></div><div class="spacer battle-history"><br></div><h2 class="battle-history">Turn 11</h2><div class="spacer battle-history"><br></div><div class="battle-history">conundromic withdrew Ferrothorn!<br></div><div class="battle-history">conundromic sent out <strong>Okidogi</strong>!<br></div><div class="battle-history"><small>Pointed stones dug into the opposing Okidogi!</small><br></div><div class="spacer battle-history"><br></div><div class="battle-history">Lucario used <strong>Aura Sphere</strong>!<br></div><div class="battle-history"><small>It's not very effective...</small><br></div><div class="battle-history"><small>A critical hit!</small><br></div><div class="battle-history"><small>(The opposing Okidogi lost 30% of its health!)</small><br></div><div class="battle-history"><small>Lucario lost some of its HP!</small><br></div><div class="spacer battle-history"><br></div><div class="battle-history"><small>The opposing Okidogi restored a little HP using its Leftovers!</small><br></div><div class="spacer battle-history"><br></div><h2 class="battle-history">Turn 12</h2><div class="spacer battle-history"><br></div><div class="battle-history">conundromic withdrew Okidogi!<br></div><div class="battle-history">conundromic sent out <strong>Alomomola</strong>!<br></div><div class="battle-history"><small>Pointed stones dug into the opposing Alomomola!</small><br></div><div class="spacer battle-history"><br></div><div class="battle-history">Lucario used <strong>Psychic</strong>!<br></div><div class="battle-history"><small>(The opposing Alomomola lost 32% of its health!)</small><br></div><div class="battle-history"><small>Lucario lost some of its HP!</small><br></div><div class="spacer battle-history"><br></div><div class="battle-history"><small>The opposing Alomomola was hurt by poison!</small><br></div><div class="spacer battle-history"><br></div><h2 class="battle-history">Turn 13</h2><div class="chat"><small> imred65 left</small></div><div class="spacer battle-history"><br></div><div class="battle-history">Lucario, come back!<br></div><div class="battle-history">Go! <strong>Milotic</strong>!<br></div><div class="battle-history"><small>Pointed stones dug into Milotic!</small><br></div><div class="spacer battle-history"><br></div><div class="battle-history">The opposing Alomomola used <strong>Flip Turn</strong>!<br></div><div class="battle-history"><small>It's not very effective...</small><br></div><div class="battle-history"><small>(Milotic lost 9% of its health!)</small><br></div><div class="spacer battle-history"><br></div><div class="battle-history">The opposing Alomomola went back to conundromic!<br></div><div class="battle-history">conundromic sent out <strong>Ferrothorn</strong>!<br></div><div class="battle-history"><small>Pointed stones dug into the opposing Ferrothorn!</small><br></div><div class="spacer battle-history"><br></div><div class="battle-history"><small>Milotic restored a little HP using its Leftovers!</small><br></div><div class="battle-history"><small>The opposing Ferrothorn restored a little HP using its Leftovers!</small><br></div><div class="spacer battle-history"><br></div><h2 class="battle-history">Turn 14</h2><div class="spacer battle-history"><br></div><div class="battle-history">Milotic, come back!<br></div><div class="battle-history">Go! <strong>Weavile</strong>!<br></div><div class="battle-history"><small>Pointed stones dug into Weavile!</small><br></div><div class="spacer battle-history"><br></div><div class="battle-history">The opposing Ferrothorn used <strong>Knock Off</strong>!<br></div><div class="battle-history"><small>It's not very effective...</small><br></div><div class="battle-history"><small>(Weavile lost 19% of its health!)</small><br></div><div class="battle-history"><small>The opposing Ferrothorn knocked off Weavile's Protective Pads!</small><br></div><div class="battle-history">[Weavile's Pickpocket]<br><small>Weavile stole the opposing Ferrothorn's Leftovers!</small><br></div><div class="spacer battle-history"><br></div><div class="battle-history"><small>Weavile restored a little HP using its Leftovers!</small><br></div><div class="spacer battle-history"><br></div><h2 class="battle-history">Turn 15</h2><div class="spacer battle-history"><br></div><div class="battle-history">Weavile used <strong>Low Kick</strong>!<br></div><div class="battle-history"><small>It's super effective!</small><br></div><div class="battle-history"><small>(The opposing Ferrothorn lost 56% of its health!)</small><br></div><div class="battle-history">[The opposing Ferrothorn's Iron Barbs]<br><small>Weavile was hurt!</small><br></div><div class="spacer battle-history"><br></div><div class="battle-history">The opposing Ferrothorn used <strong>Leech Seed</strong>!<br></div><div class="battle-history"><small>Weavile was seeded!</small><br></div><div class="spacer battle-history"><br></div><div class="battle-history"><small>Weavile restored a little HP using its Leftovers!</small><br></div><div class="battle-history"><small>Weavile's health is sapped by Leech Seed!</small><br></div><div class="spacer battle-history"><br></div><h2 class="battle-history">Turn 16</h2><div class="spacer battle-history"><br></div><div class="battle-history">conundromic withdrew Ferrothorn!<br></div><div class="battle-history">conundromic sent out <strong>Alomomola</strong>!<br></div><div class="battle-history"><small>Pointed stones dug into the opposing Alomomola!</small><br></div><div class="spacer battle-history"><br></div><div class="battle-history">Weavile used <strong>Swords Dance</strong>!<br></div><div class="battle-history"><small>Weavile's Attack rose sharply!</small><br></div><div class="spacer battle-history"><br></div><div class="battle-history"><small>Weavile restored a little HP using its Leftovers!</small><br></div><div class="battle-history"><small>Weavile's health is sapped by Leech Seed!</small><br></div><div class="battle-history"><small>The opposing Alomomola was hurt by poison!</small><br></div><div class="spacer battle-history"><br></div><h2 class="battle-history">Turn 17</h2><div class="spacer battle-history"><br></div><div class="battle-history">The opposing Alomomola used <strong>Protect</strong>!<br></div><div class="battle-history"><small>The opposing Alomomola protected itself!</small><br></div><div class="spacer battle-history"><br></div><div class="battle-history">Weavile used <strong>Knock Off</strong>!<br></div><div class="battle-history"><small>The opposing Alomomola protected itself!</small><br></div><div class="spacer battle-history"><br></div><div class="battle-history"><small>Weavile restored a little HP using its Leftovers!</small><br></div><div class="battle-history"><small>Weavile's health is sapped by Leech Seed!</small><br></div><div class="battle-history"><small>The opposing Alomomola was hurt by poison!</small><br></div><div class="spacer battle-history"><br></div><h2 class="battle-history">Turn 18</h2><div class="chat"><small> Ocarina919 joined</small></div><div class="spacer battle-history"><br></div><div class="battle-history">The opposing Alomomola used <strong>Protect</strong>!<br></div><div class="battle-history"><small>But it failed!</small><br></div><div class="spacer battle-history"><br></div><div class="battle-history">Weavile used <strong>Knock Off</strong>!<br></div><div class="battle-history"><small>(The opposing Alomomola lost 42% of its health!)</small><br></div><div class="spacer battle-history"><br></div><div class="battle-history"><small>Weavile restored a little HP using its Leftovers!</small><br></div><div class="battle-history"><small>Weavile's health is sapped by Leech Seed!</small><br></div><div class="spacer battle-history"><br></div><div class="battle-history">Weavile fainted!<br></div><div class="battle-history"><small>The opposing Alomomola was hurt by poison!</small><br></div><div class="spacer battle-history"><br></div><div class="battle-history">Go! <strong>Landorus</strong>!<br></div><div class="battle-history"><small>Pointed stones dug into Landorus!</small><br></div><div class="spacer battle-history"><br></div><h2 class="battle-history">Turn 19</h2><div class="spacer battle-history"><br></div><div class="battle-history">Landorus used <strong>Earth Power</strong>!<br></div><div class="battle-history"><small>(The opposing Alomomola lost 10% of its health!)</small><br></div><div class="spacer battle-history"><br></div><div class="battle-history">The opposing Alomomola fainted!<br></div><div class="spacer battle-history"><br></div><div class="battle-history">conundromic sent out <strong>Dragapult</strong>!<br></div><div class="battle-history"><small>Pointed stones dug into the opposing Dragapult!</small><br></div><div class="spacer battle-history"><br></div><h2 class="battle-history">Turn 20</h2><div class="spacer battle-history"><br></div><div class="battle-history">Landorus, come back!<br></div><div class="battle-history">Go! <strong>Tangrowth</strong>!<br></div><div class="battle-history"><small>Pointed stones dug into Tangrowth!</small><br></div><div class="spacer battle-history"><br></div><div class="battle-history">The opposing Dragapult used <strong>Draco Meteor</strong>!<br></div><div class="battle-history"><small>(Tangrowth lost 49% of its health!)</small><br></div><div class="battle-history"><small>The opposing Dragapult's Sp. Atk fell harshly!</small><br></div><div class="spacer battle-history"><br></div><h2 class="battle-history">Turn 21</h2><div class="spacer battle-history"><br></div><div class="battle-history">conundromic withdrew Dragapult!<br></div><div class="battle-history">conundromic sent out <strong>Ferrothorn</strong>!<br></div><div class="battle-history"><small>Pointed stones dug into the opposing Ferrothorn!</small><br></div><div class="spacer battle-history"><br></div><div class="battle-history">Tangrowth used <strong>Earthquake</strong>!<br></div><div class="battle-history"><small>(The opposing Ferrothorn lost 17% of its health!)</small><br></div><div class="spacer battle-history"><br></div><h2 class="battle-history">Turn 22</h2><div class="spacer battle-history"><br></div><div class="battle-history">Tangrowth used <strong>Focus Blast</strong>!<br></div><div class="battle-history"><small>The opposing Ferrothorn avoided the attack!</small><br></div><div class="spacer battle-history"><br></div><div class="battle-history">The opposing Ferrothorn used <strong>Toxic</strong>!<br></div><div class="battle-history"><small>Tangrowth was badly poisoned!</small><br></div><div class="spacer battle-history"><br></div><div class="battle-history"><small>Tangrowth was hurt by poison!</small><br></div><div class="spacer battle-history"><br></div><h2 class="battle-history">Turn 23</h2><div class="spacer battle-history"><br></div><div class="battle-history">conundromic withdrew Ferrothorn!<br></div><div class="battle-history">conundromic sent out <strong>Okidogi</strong>!<br></div><div class="battle-history"><small>Pointed stones dug into the opposing Okidogi!</small><br></div><div class="spacer battle-history"><br></div><div class="battle-history">Tangrowth used <strong>Focus Blast</strong>!<br></div><div class="battle-history"><small>It's not very effective...</small><br></div><div class="battle-history"><small>(The opposing Okidogi lost 13% of its health!)</small><br></div><div class="spacer battle-history"><br></div><div class="battle-history"><small>The opposing Okidogi restored a little HP using its Leftovers!</small><br></div><div class="battle-history"><small>Tangrowth was hurt by poison!</small><br></div><div class="spacer battle-history"><br></div><h2 class="battle-history">Turn 24</h2><div class="spacer battle-history"><br></div><div class="battle-history">The opposing Okidogi used <strong>Drain Punch</strong>!<br></div><div class="battle-history"><small>(Tangrowth lost 21% of its health!)</small><br></div><div class="battle-history"><small>Tangrowth had its energy drained!</small><br></div><div class="spacer battle-history"><br></div><div class="battle-history">Tangrowth fainted!<br></div><div class="spacer battle-history"><br></div><div class="battle-history"><small>The opposing Okidogi restored a little HP using its Leftovers!</small><br></div><div class="spacer battle-history"><br></div><div class="battle-history">Go! <strong>Landorus</strong>!<br></div><div class="battle-history"><small>Pointed stones dug into Landorus!</small><br></div><div class="spacer battle-history"><br></div><h2 class="battle-history">Turn 25</h2><div class="spacer battle-history"><br></div><div class="battle-history">Landorus used <strong>Earth Power</strong>!<br></div><div class="battle-history"><small>It's super effective!</small><br></div><div class="battle-history"><small>(The opposing Okidogi lost 74% of its health!)</small><br></div><div class="spacer battle-history"><br></div><div class="battle-history">The opposing Okidogi fainted!<br></div><div class="spacer battle-history"><br></div><div class="battle-history">conundromic sent out <strong>Dragapult</strong>!<br></div><div class="battle-history"><small>Pointed stones dug into the opposing Dragapult!</small><br></div><div class="spacer battle-history"><br></div><h2 class="battle-history">Turn 26</h2><div class="spacer battle-history"><br></div><div class="battle-history">Landorus, come back!<br></div><div class="battle-history">Go! <strong>Milotic</strong>!<br></div><div class="battle-history"><small>Pointed stones dug into Milotic!</small><br></div><div class="spacer battle-history"><br></div><div class="battle-history">The opposing Dragapult used <strong>Draco Meteor</strong>!<br></div><div class="battle-history"><small>(Milotic lost 45% of its health!)</small><br></div><div class="battle-history"><small>The opposing Dragapult's Sp. Atk fell harshly!</small><br></div><div class="spacer battle-history"><br></div><div class="battle-history"><small>Milotic restored a little HP using its Leftovers!</small><br></div><div class="spacer battle-history"><br></div><h2 class="battle-history">Turn 27</h2><div class="chat"><small> imred65 joined</small></div><div class="spacer battle-history"><br></div><div class="battle-history">conundromic withdrew Dragapult!<br></div><div class="battle-history">conundromic sent out <strong>Ferrothorn</strong>!<br></div><div class="battle-history"><small>Pointed stones dug into the opposing Ferrothorn!</small><br></div><div class="spacer battle-history"><br></div><div class="battle-history">Milotic used <strong>Recover</strong>!<br></div><div class="battle-history"><small>Milotic had its HP restored.</small><br></div><div class="spacer battle-history"><br></div><div class="battle-history"><small>Milotic restored a little HP using its Leftovers!</small><br></div><div class="spacer battle-history"><br></div><h2 class="battle-history">Turn 28</h2><div class="chat"><small> imred65 left</small></div><div class="spacer battle-history"><br></div><div class="battle-history">Milotic, come back!<br></div><div class="battle-history">Go! <strong>Landorus</strong>!<br></div><div class="battle-history"><small>Pointed stones dug into Landorus!</small><br></div><div class="spacer battle-history"><br></div><div class="battle-history">The opposing Ferrothorn used <strong>Leech Seed</strong>!<br></div><div class="battle-history"><small>Landorus was seeded!</small><br></div><div class="spacer battle-history"><br></div><div class="battle-history"><small>Landorus's health is sapped by Leech Seed!</small><br></div><div class="spacer battle-history"><br></div><h2 class="battle-history">Turn 29</h2><div class="spacer battle-history"><br></div><div class="battle-history">Landorus used <strong>Earth Power</strong>!<br></div><div class="battle-history"><small>(The opposing Ferrothorn lost 37% of its health!)</small><br></div><div class="spacer battle-history"><br></div><div class="battle-history">The opposing Ferrothorn fainted!<br></div><div class="spacer battle-history"><br></div><div class="battle-history">conundromic sent out <strong>Dragapult</strong>!<br></div><div class="battle-history"><small>Pointed stones dug into the opposing Dragapult!</small><br></div><div class="spacer battle-history"><br></div><h2 class="battle-history">Turn 30</h2><div class="spacer battle-history"><br></div><div class="battle-history">The opposing Dragapult used <strong>Shadow Ball</strong>!<br></div><div class="battle-history"><small>(Landorus lost 51% of its health!)</small><br></div><div class="spacer battle-history"><br></div><div class="battle-history">Landorus fainted!<br></div><div class="spacer battle-history"><br></div><div class="battle-history">Go! <strong>Milotic</strong>!<br></div><div class="battle-history"><small>Pointed stones dug into Milotic!</small><br></div><div class="spacer battle-history"><br></div><h2 class="battle-history">Turn 31</h2><div class="spacer battle-history"><br></div><div class="battle-history">The opposing Dragapult used <strong>Shadow Ball</strong>!<br></div><div class="battle-history"><small>(Milotic lost 31% of its health!)</small><br></div><div class="battle-history"><small>Milotic's Sp. Def fell!</small><br></div><div class="spacer battle-history"><br></div><div class="battle-history">Milotic used <strong>Mirror Coat</strong>!<br></div><div class="battle-history"><small>(The opposing Dragapult lost 51% of its health!)</small><br></div><div class="spacer battle-history"><br></div><div class="battle-history">The opposing Dragapult fainted!<br></div><div class="spacer battle-history"><br></div><div class="battle-history"><strong>Gym Leder Brawl</strong> won the battle!<br></div><div class="chat chatmessage-conundromic"><strong style="color:#2d8875"><small>☆</small><span class="username" data-name="conundromic">conundromic</span>:</strong> <em>gg</em></div><div class="chat chatmessage-gymlederbrawl"><strong style="color:#33a661"><small>☆</small><span class="username" data-name="Gym Leder Brawl">Gym Leder Brawl</span>:</strong> <em>ggs</em></div><div class="chat"><small> DyegoFra,  Shhshsjdd, and  tomkeap left</small></div></div><div class="inner-preempt message-log"></div></div></div>
</div>
<script>
let daily = Math.floor(Date.now()/1000/60/60/24);document.write('<script src="https://play.pokemonshowdown.com/js/replay-embed.js?version'+daily+'"></'+'script>');
</script>
