<!DOCTYPE html>
<meta charset="utf-8" />
<!-- version 1 -->
<title>[Gen 9] NatDex Draft replay: 25days vs. mukmuk1</title>
<style>
html,body {font-family:Verdana, sans-serif;font-size:10pt;margin:0;padding:0;}body{padding:12px 0;} .battle-log {font-family:Verdana, sans-serif;font-size:10pt;} .battle-log-inline {border:1px solid #AAAAAA;background:#EEF2F5;color:black;max-width:640px;margin:0 auto 80px;padding-bottom:5px;} .battle-log .inner {padding:4px 8px 0px 8px;} .battle-log .inner-preempt {padding:0 8px 4px 8px;} .battle-log .inner-after {margin-top:0.5em;} .battle-log h2 {margin:0.5em -8px;padding:4px 8px;border:1px solid #AAAAAA;background:#E0E7EA;border-left:0;border-right:0;font-family:Verdana, sans-serif;font-size:13pt;} .battle-log .chat {vertical-align:middle;padding:3px 0 3px 0;font-size:8pt;} .battle-log .chat strong {color:#40576A;} .battle-log .chat em {padding:1px 4px 1px 3px;color:#000000;font-style:normal;} .chat.mine {background:rgba(0,0,0,0.05);margin-left:-8px;margin-right:-8px;padding-left:8px;padding-right:8px;} .spoiler {color:#BBBBBB;background:#BBBBBB;padding:0px 3px;} .spoiler:hover, .spoiler:active, .spoiler-shown {color:#000000;background:#E2E2E2;padding:0px 3px;} .spoiler a {color:#BBBBBB;} .spoiler:hover a, .spoiler:active a, .spoiler-shown a {color:#2288CC;} .chat code, .chat .spoiler:hover code, .chat .spoiler:active code, .chat .spoiler-shown code {border:1px solid #C0C0C0;background:#EEEEEE;color:black;padding:0 2px;} .chat .spoiler code {border:1px solid #CCCCCC;background:#CCCCCC;color:#CCCCCC;} .battle-log .rated {padding:3px 4px;} .battle-log .rated strong {color:white;background:#89A;padding:1px 4px;border-radius:4px;} .spacer {margin-top:0.5em;} .message-announce {background:#6688AA;color:white;padding:1px 4px 2px;} .message-announce a, .broadcast-green a, .broadcast-blue a, .broadcast-red a {color:#DDEEFF;} .broadcast-green {background-color:#559955;color:white;padding:2px 4px;} .broadcast-blue {background-color:#6688AA;color:white;padding:2px 4px;} .infobox {border:1px solid #6688AA;padding:2px 4px;} .infobox-limited {max-height:200px;overflow:auto;overflow-x:hidden;} .broadcast-red {background-color:#AA5544;color:white;padding:2px 4px;} .message-learn-canlearn {font-weight:bold;color:#228822;text-decoration:underline;} .message-learn-cannotlearn {font-weight:bold;color:#CC2222;text-decoration:underline;} .message-effect-weak {font-weight:bold;color:#CC2222;} .message-effect-resist {font-weight:bold;color:#6688AA;} .message-effect-immune {font-weight:bold;color:#666666;} .message-learn-list {margin-top:0;margin-bottom:0;} .message-throttle-notice, .message-error {color:#992222;} .message-overflow, .chat small.message-overflow {font-size:0pt;} .message-overflow::before {font-size:9pt;content:'...';} .subtle {color:#3A4A66;}
</style>
<div class="wrapper replay-wrapper" style="max-width:1180px;margin:0 auto">
<input type="hidden" name="replayid" value="gen9natdexdraft-2158268455" />
<div class="battle"></div><div class="battle-log"></div><div class="replay-controls"></div><div class="replay-controls-2"></div>
<h1 style="font-weight:normal;text-align:center"><strong>[Gen 9] NatDex Draft</strong><br /><a href="http://pokemonshowdown.com/users/25days" class="subtle" target="_blank">25days</a> vs. <a href="http://pokemonshowdown.com/users/mukmuk1" class="subtle" target="_blank">mukmuk1</a></h1>
<script type="text/plain" class="battle-log-data">
|j|☆25days
|j|☆mukmuk1
|t:|1720585916
|gametype|singles
|player|p1|25days|baker|
|player|p2|mukmuk1|brycenman|
|teamsize|p1|6
|teamsize|p2|6
|gen|9
|tier|[Gen 9] NatDex Draft
|rule|Sleep Clause Mod: Limit one foe put to sleep
|rule|OHKO Clause: OHKO moves are banned
|rule|Evasion Clause: Evasion abilities, items, and moves are banned
|rule|Evasion Abilities Clause: Evasion abilities are banned
|rule|Evasion Items Clause: Evasion items are banned
|rule|Evasion Moves Clause: Evasion moves are banned
|rule|Endless Battle Clause: Forcing endless battles is banned
|rule|HP Percentage Mod: HP is shown in percentages
|clearpoke
|poke|p1|Cetitan, M|
|poke|p1|Clefable, F|
|poke|p1|Aerodactyl, M|
|poke|p1|Nidoking, M|
|poke|p1|Chandelure, F|
|poke|p1|Greninja-*, F|
|poke|p2|Chi-Yu|
|poke|p2|Quaquaval, M|
|poke|p2|Nidoqueen, F|
|poke|p2|Lycanroc-Dusk, M|
|poke|p2|Kangaskhan, F|
|poke|p2|Necrozma|
|teampreview
|j| ChillerFrost
|j| DoctaShock
|j| foodss
|j| Contranaut
|
|t:|1720585987
|start
|switch|p1a: Toad is so cool|Cetitan, M|100\/100
|switch|p2a: Kangaskhan|Kangaskhan, F|100\/100
|turn|1
|j| Phantom0rion
|c| Contranaut|Swurlin take my energy
|j| ksch
|c|☆25days|thanks
|c| Contranaut|any time
|
|t:|1720586022
|detailschange|p2a: Kangaskhan|Kangaskhan-Mega, F
|-mega|p2a: Kangaskhan|Kangaskhan|Kangaskhanite
|move|p2a: Kangaskhan|Power-Up Punch|p1a: Toad is so cool
|-supereffective|p1a: Toad is so cool
|-damage|p1a: Toad is so cool|75\/100
|-boost|p2a: Kangaskhan|atk|1
|-supereffective|p1a: Toad is so cool
|-damage|p1a: Toad is so cool|66\/100
|-boost|p2a: Kangaskhan|atk|1
|-hitcount|p1a: Toad is so cool|2
|move|p1a: Toad is so cool|Superpower|p2a: Kangaskhan
|-supereffective|p2a: Kangaskhan
|-damage|p2a: Kangaskhan|0 fnt
|-unboost|p1a: Toad is so cool|atk|1
|-unboost|p1a: Toad is so cool|def|1
|faint|p2a: Kangaskhan
|-damage|p1a: Toad is so cool|56\/100|[from] item: Life Orb
|
|upkeep
|c|☆25days|im out of ideas
|
|t:|1720586044
|switch|p2a: Chi-Yu|Chi-Yu|100\/100
|-ability|p2a: Chi-Yu|Beads of Ruin
|turn|2
|
|t:|1720586099
|move|p2a: Chi-Yu|Dark Pulse|p1a: Toad is so cool
|-damage|p1a: Toad is so cool|0 fnt
|faint|p1a: Toad is so cool
|
|upkeep
|j| serendipidu
|j| Ocarina919
|c|☆mukmuk1|happy belated birthday
|c|☆mukmuk1|ben contranaut
|c| Contranaut|thank you 1kumkum
|
|t:|1720586184
|switch|p1a: toadtasteslikesalt|Greninja, F|100\/100
|turn|3
|
|t:|1720586212
|switch|p2a: Quaquaval|Quaquaval, M|100\/100
|move|p1a: toadtasteslikesalt|Water Shuriken|p2a: Quaquaval
|-start|p1a: toadtasteslikesalt|typechange|Water|[from] ability: Protean
|-resisted|p2a: Quaquaval
|-damage|p2a: Quaquaval|93\/100
|-resisted|p2a: Quaquaval
|-damage|p2a: Quaquaval|86\/100
|-resisted|p2a: Quaquaval
|-damage|p2a: Quaquaval|80\/100
|-hitcount|p2a: Quaquaval|3
|
|upkeep
|turn|4
|j| Bunnnies
|
|t:|1720586301
|switch|p1a: I LOVE TOADCATCHER|Clefable, F|100\/100
|move|p2a: Quaquaval|Aqua Step|p1a: I LOVE TOADCATCHER
|-damage|p1a: I LOVE TOADCATCHER|73\/100
|-boost|p2a: Quaquaval|spe|1
|
|-heal|p1a: I LOVE TOADCATCHER|79\/100|[from] item: Leftovers
|upkeep
|turn|5
|
|t:|1720586437
|switch|p2a: Chi-Yu|Chi-Yu|100\/100
|-ability|p2a: Chi-Yu|Beads of Ruin
|move|p1a: I LOVE TOADCATCHER|Moonblast|p2a: Chi-Yu
|-damage|p2a: Chi-Yu|65\/100
|-unboost|p2a: Chi-Yu|spa|1
|
|-heal|p1a: I LOVE TOADCATCHER|85\/100|[from] item: Leftovers
|upkeep
|turn|6
|
|t:|1720586572
|move|p2a: Chi-Yu|Overheat|p1a: I LOVE TOADCATCHER
|-damage|p1a: I LOVE TOADCATCHER|0 fnt
|-unboost|p2a: Chi-Yu|spa|2
|faint|p1a: I LOVE TOADCATCHER
|
|upkeep
|
|t:|1720586641
|switch|p1a: toadtasteslikesalt|Greninja, F|100\/100
|turn|7
|
|t:|1720586698
|switch|p2a: Quaquaval|Quaquaval, M|80\/100
|move|p1a: toadtasteslikesalt|Sludge Wave|p2a: Quaquaval
|-start|p1a: toadtasteslikesalt|typechange|Poison|[from] ability: Protean
|-damage|p2a: Quaquaval|0 fnt
|faint|p2a: Quaquaval
|
|upkeep
|j| Ausxh
|
|t:|1720586851
|switch|p2a: Nidoqueen|Nidoqueen, F|100\/100
|turn|8
|
|t:|1720587014
|switch|p1a: thistoadguyisneat|Aerodactyl, M|100\/100
|-ability|p1a: thistoadguyisneat|Unnerve
|move|p2a: Nidoqueen|Thunderbolt|p1a: thistoadguyisneat
|-supereffective|p1a: thistoadguyisneat
|-damage|p1a: thistoadguyisneat|17\/100
|
|upkeep
|turn|9
|
|t:|1720587080
|detailschange|p1a: thistoadguyisneat|Aerodactyl-Mega, M
|-mega|p1a: thistoadguyisneat|Aerodactyl|Aerodactylite
|move|p1a: thistoadguyisneat|Earthquake|p2a: Nidoqueen
|-supereffective|p2a: Nidoqueen
|-enditem|p2a: Nidoqueen|Shuca Berry|[eat]
|-enditem|p2a: Nidoqueen|Shuca Berry|[weaken]
|-damage|p2a: Nidoqueen|59\/100
|move|p2a: Nidoqueen|Thunderbolt|p1a: thistoadguyisneat
|-supereffective|p1a: thistoadguyisneat
|-damage|p1a: thistoadguyisneat|0 fnt
|faint|p1a: thistoadguyisneat
|
|upkeep
|
|t:|1720587187
|switch|p1a: toad raid|Nidoking, M|100\/100
|turn|10
|c| Contranaut|it's going down
|
|t:|1720587227
|move|p1a: toad raid|Earth Power|p2a: Nidoqueen
|-supereffective|p2a: Nidoqueen
|-damage|p2a: Nidoqueen|0 fnt
|faint|p2a: Nidoqueen
|
|upkeep
|
|t:|1720587400
|switch|p2a: Necrozma|Necrozma|100\/100
|turn|11
|c| ChillerFrost|I'm yelling timber
|
|t:|1720587516
|move|p1a: toad raid|Sludge Wave|p2a: Necrozma
|-damage|p2a: Necrozma|63\/100
|move|p2a: Necrozma|Knock Off|p1a: toad raid
|-damage|p1a: toad raid|58\/100
|-enditem|p1a: toad raid|Life Orb|[from] move: Knock Off|[of] p2a: Necrozma
|
|upkeep
|turn|12
|
|t:|1720587565
|move|p1a: toad raid|Sludge Wave|p2a: Necrozma
|-damage|p2a: Necrozma|33\/100
|move|p2a: Necrozma|Photon Geyser|p1a: toad raid
|-supereffective|p1a: toad raid
|-damage|p1a: toad raid|0 fnt
|faint|p1a: toad raid
|
|upkeep
|
|t:|1720587793
|switch|p1a: toad my brothers|Chandelure, F|100\/100
|turn|13
|
|t:|1720587851
|-terastallize|p1a: toad my brothers|Fairy
|move|p1a: toad my brothers|Tera Blast|p2a: Necrozma|[anim] Tera Blast Fairy
|-damage|p2a: Necrozma|0 fnt
|faint|p2a: Necrozma
|
|upkeep
|
|t:|1720587864
|switch|p2a: Chi-Yu|Chi-Yu|65\/100
|-ability|p2a: Chi-Yu|Beads of Ruin
|turn|14
|
|t:|1720587933
|move|p2a: Chi-Yu|Psychic|p1a: toad my brothers
|-damage|p1a: toad my brothers|0 fnt
|faint|p1a: toad my brothers
|
|upkeep
|
|t:|1720587947
|switch|p1a: toadtasteslikesalt|Greninja, F|100\/100
|turn|15
|
|t:|1720588023
|move|p1a: toadtasteslikesalt|Water Shuriken|p2a: Chi-Yu
|-start|p1a: toadtasteslikesalt|typechange|Water|[from] ability: Protean
|-supereffective|p2a: Chi-Yu
|-damage|p2a: Chi-Yu|39\/100
|-supereffective|p2a: Chi-Yu
|-damage|p2a: Chi-Yu|16\/100
|-hitcount|p2a: Chi-Yu|2
|move|p2a: Chi-Yu|Psychic|p1a: toadtasteslikesalt
|-damage|p1a: toadtasteslikesalt|0 fnt
|faint|p1a: toadtasteslikesalt
|
|win|mukmuk1
|c| Ausxh|gg
|c|☆mukmuk1|gg
|c|☆25days|gggg
|c| Contranaut|bruh
|c| Ausxh|modest specs chi-yu goes crazy
|c| serendipidu|no surf?
|c|☆mukmuk1|surf loses to lycanroc
|c| Contranaut|yea
|c|☆mukmuk1|he needs to hit 3 times
|c|☆25days|no surf
|c|☆mukmuk1|on lycanroc and chi yu
|c|☆mukmuk1|cuz i was sash on lycanroc
|c|☆mukmuk1|also
|c|☆mukmuk1|how did psychic kill chandy
|c| Contranaut|I think he needed a 4 hit on lycan too?
|c|☆mukmuk1|252+ SpA Choice Specs Beads of Ruin Chi-Yu Psychic vs. 0 HP \/ 4 SpD Tera Fairy Chandelure: 240-283 (91.9 - 108.4%) -- 50% chance to OHKO
|c|☆mukmuk1|u 0 hp ?
|c|☆25days|yep
|c|☆mukmuk1|oh i c
|c|☆mukmuk1|what was the chandy set
|c| serendipidu|prolly max max right
|c|☆mukmuk1|yea but
|c|☆mukmuk1|calm mind
|c|☆mukmuk1|or waht
|c|☆25days|tera blast
|c|☆25days|and 3 dmg moves
|c| DoctaShock|so true
|c|☆25days|specs
|c| Contranaut|couldn't you have tera blasted without teraing on necroz?

</script>
</div>
<div class="battle-log battle-log-inline"><div class="inner"><div class="battle-options"></div><div class="inner message-log"><div class="chat"><small>☆25days and ☆mukmuk1 joined</small></div><div class=""><small>Format:</small> <br><strong>[Gen 9] NatDex Draft</strong></div><div class=""><small><em>Sleep Clause Mod:</em> Limit one foe put to sleep</small></div><div class=""><small><em>OHKO Clause:</em> OHKO moves are banned</small></div><div class=""><small><em>Evasion Clause:</em> Evasion abilities, items, and moves are banned</small></div><div class=""><small><em>Evasion Abilities Clause:</em> Evasion abilities are banned</small></div><div class=""><small><em>Evasion Items Clause:</em> Evasion items are banned</small></div><div class=""><small><em>Evasion Moves Clause:</em> Evasion moves are banned</small></div><div class=""><small><em>Endless Battle Clause:</em> Forcing endless battles is banned</small></div><div class=""><small><em>HP Percentage Mod:</em> HP is shown in percentages</small></div><div class="chat battle-history"><strong>25days's team:</strong> <em style="color:#445566;display:block;">Cetitan / Clefable / Aerodactyl / Nidoking / Chandelure / Greninja-*</em></div><div class="chat battle-history"><strong>mukmuk1's team:</strong> <em style="color:#445566;display:block;">Chi-Yu / Quaquaval / Nidoqueen / Lycanroc-Dusk / Kangaskhan / Necrozma</em></div><div class="chat"><small> ChillerFrost,  DoctaShock,  foodss, and  Contranaut joined</small></div><div class="spacer battle-history"><br></div><div class="battle-history">Battle started between 25days and mukmuk1!<br></div><div class="spacer battle-history"><br></div><div class="battle-history">Go! Toad is so cool (<strong>Cetitan</strong>)!<br></div><div class="spacer battle-history"><br></div><div class="battle-history">mukmuk1 sent out <strong>Kangaskhan</strong>!<br></div><div class="spacer battle-history"><br></div><h2 class="battle-history">Turn 1</h2><div class="chat"><small> Phantom0rion joined</small></div><div class="chat chatmessage-contranaut"><strong style="color:#237f9e"><small> </small><span class="username" data-name="Contranaut">Contranaut</span>:</strong> <em>Swurlin take my energy</em></div><div class="chat"><small> ksch joined</small></div><div class="chat chatmessage-25days"><strong style="color:#bc4b7c"><small>☆</small><span class="username" data-name="25days">25days</span>:</strong> <em>thanks</em></div><div class="chat chatmessage-contranaut"><strong style="color:#237f9e"><small> </small><span class="username" data-name="Contranaut">Contranaut</span>:</strong> <em>any time</em></div><div class="spacer battle-history"><br></div><div class="battle-history"><small>The opposing Kangaskhan's Kangaskhanite is reacting to the Key Stone!</small><br>The opposing Kangaskhan has Mega Evolved into Mega Kangaskhan!<br></div><div class="spacer battle-history"><br></div><div class="battle-history">The opposing Kangaskhan used <strong>Power-Up Punch</strong>!<br></div><div class="battle-history"><small>It's super effective!</small><br></div><div class="battle-history"><small>(Toad is so cool lost 25% of its health!)</small><br></div><div class="battle-history"><small>The opposing Kangaskhan's Attack rose!</small><br></div><div class="battle-history"><small>It's super effective!</small><br></div><div class="battle-history"><small>(Toad is so cool lost 9% of its health!)</small><br></div><div class="battle-history"><small>The opposing Kangaskhan's Attack rose!</small><br></div><div class="battle-history"><small>The Pokémon was hit 2 times!</small><br></div><div class="spacer battle-history"><br></div><div class="battle-history">Toad is so cool used <strong>Superpower</strong>!<br></div><div class="battle-history"><small>It's super effective!</small><br></div><div class="battle-history"><small>(The opposing Kangaskhan lost 100% of its health!)</small><br></div><div class="battle-history"><small>Toad is so cool's Attack fell!</small><br></div><div class="battle-history"><small>Toad is so cool's Defense fell!</small><br></div><div class="spacer battle-history"><br></div><div class="battle-history">The opposing Kangaskhan fainted!<br></div><div class="battle-history"><small>Toad is so cool lost some of its HP!</small><br></div><div class="chat chatmessage-25days"><strong style="color:#bc4b7c"><small>☆</small><span class="username" data-name="25days">25days</span>:</strong> <em>im out of ideas</em></div><div class="spacer battle-history"><br></div><div class="battle-history">mukmuk1 sent out <strong>Chi-Yu</strong>!<br></div><div class="battle-history">[The opposing Chi-Yu's Beads of Ruin]<br><small>The opposing Chi-Yu's Beads of Ruin weakened the Sp. Def of all surrounding Pokémon!</small><br></div><div class="spacer battle-history"><br></div><h2 class="battle-history">Turn 2</h2><div class="spacer battle-history"><br></div><div class="battle-history">The opposing Chi-Yu used <strong>Dark Pulse</strong>!<br></div><div class="battle-history"><small>(Toad is so cool lost 56% of its health!)</small><br></div><div class="spacer battle-history"><br></div><div class="battle-history">Toad is so cool fainted!<br></div><div class="chat"><small> serendipidu and  Ocarina919 joined</small></div><div class="chat chatmessage-mukmuk1"><strong style="color:#ce261d"><small>☆</small><span class="username" data-name="mukmuk1">mukmuk1</span>:</strong> <em>happy belated birthday</em></div><div class="chat chatmessage-mukmuk1"><strong style="color:#ce261d"><small>☆</small><span class="username" data-name="mukmuk1">mukmuk1</span>:</strong> <em>ben contranaut</em></div><div class="chat chatmessage-contranaut"><strong style="color:#237f9e"><small> </small><span class="username" data-name="Contranaut">Contranaut</span>:</strong> <em>thank you 1kumkum</em></div><div class="spacer battle-history"><br></div><div class="battle-history">Go! toadtasteslikesalt (<strong>Greninja</strong>)!<br></div><div class="spacer battle-history"><br></div><h2 class="battle-history">Turn 3</h2><div class="spacer battle-history"><br></div><div class="battle-history">mukmuk1 withdrew Chi-Yu!<br></div><div class="battle-history">mukmuk1 sent out <strong>Quaquaval</strong>!<br></div><div class="spacer battle-history"><br></div><div class="battle-history">toadtasteslikesalt used <strong>Water Shuriken</strong>!<br></div><div class="spacer battle-history"><br></div><div class="battle-history">[toadtasteslikesalt's Protean]<br><small>toadtasteslikesalt's type changed to Water!</small><br></div><div class="battle-history"><small>It's not very effective...</small><br></div><div class="battle-history"><small>(The opposing Quaquaval lost 7% of its health!)</small><br></div><div class="battle-history"><small>It's not very effective...</small><br></div><div class="battle-history"><small>(The opposing Quaquaval lost 7% of its health!)</small><br></div><div class="battle-history"><small>It's not very effective...</small><br></div><div class="battle-history"><small>(The opposing Quaquaval lost 6% of its health!)</small><br></div><div class="battle-history"><small>The Pokémon was hit 3 times!</small><br></div><div class="spacer battle-history"><br></div><h2 class="battle-history">Turn 4</h2><div class="chat"><small> Bunnnies joined</small></div><div class="spacer battle-history"><br></div><div class="battle-history">toadtasteslikesalt, come back!<br></div><div class="battle-history">Go! I LOVE TOADCATCHER (<strong>Clefable</strong>)!<br></div><div class="spacer battle-history"><br></div><div class="battle-history">The opposing Quaquaval used <strong>Aqua Step</strong>!<br></div><div class="battle-history"><small>(I LOVE TOADCATCHER lost 27% of its health!)</small><br></div><div class="battle-history"><small>The opposing Quaquaval's Speed rose!</small><br></div><div class="spacer battle-history"><br></div><div class="battle-history"><small>I LOVE TOADCATCHER restored a little HP using its Leftovers!</small><br></div><div class="spacer battle-history"><br></div><h2 class="battle-history">Turn 5</h2><div class="spacer battle-history"><br></div><div class="battle-history">mukmuk1 withdrew Quaquaval!<br></div><div class="battle-history">mukmuk1 sent out <strong>Chi-Yu</strong>!<br></div><div class="battle-history">[The opposing Chi-Yu's Beads of Ruin]<br><small>The opposing Chi-Yu's Beads of Ruin weakened the Sp. Def of all surrounding Pokémon!</small><br></div><div class="spacer battle-history"><br></div><div class="battle-history">I LOVE TOADCATCHER used <strong>Moonblast</strong>!<br></div><div class="battle-history"><small>(The opposing Chi-Yu lost 35% of its health!)</small><br></div><div class="battle-history"><small>The opposing Chi-Yu's Sp. Atk fell!</small><br></div><div class="spacer battle-history"><br></div><div class="battle-history"><small>I LOVE TOADCATCHER restored a little HP using its Leftovers!</small><br></div><div class="spacer battle-history"><br></div><h2 class="battle-history">Turn 6</h2><div class="spacer battle-history"><br></div><div class="battle-history">The opposing Chi-Yu used <strong>Overheat</strong>!<br></div><div class="battle-history"><small>(I LOVE TOADCATCHER lost 85% of its health!)</small><br></div><div class="battle-history"><small>The opposing Chi-Yu's Sp. Atk fell harshly!</small><br></div><div class="spacer battle-history"><br></div><div class="battle-history">I LOVE TOADCATCHER fainted!<br></div><div class="spacer battle-history"><br></div><div class="battle-history">Go! toadtasteslikesalt (<strong>Greninja</strong>)!<br></div><div class="spacer battle-history"><br></div><h2 class="battle-history">Turn 7</h2><div class="spacer battle-history"><br></div><div class="battle-history">mukmuk1 withdrew Chi-Yu!<br></div><div class="battle-history">mukmuk1 sent out <strong>Quaquaval</strong>!<br></div><div class="spacer battle-history"><br></div><div class="battle-history">toadtasteslikesalt used <strong>Sludge Wave</strong>!<br></div><div class="spacer battle-history"><br></div><div class="battle-history">[toadtasteslikesalt's Protean]<br><small>toadtasteslikesalt's type changed to Poison!</small><br></div><div class="battle-history"><small>(The opposing Quaquaval lost 80% of its health!)</small><br></div><div class="spacer battle-history"><br></div><div class="battle-history">The opposing Quaquaval fainted!<br></div><div class="chat"><small> Ausxh joined</small></div><div class="spacer battle-history"><br></div><div class="battle-history">mukmuk1 sent out <strong>Nidoqueen</strong>!<br></div><div class="spacer battle-history"><br></div><h2 class="battle-history">Turn 8</h2><div class="spacer battle-history"><br></div><div class="battle-history">toadtasteslikesalt, come back!<br></div><div class="battle-history">Go! thistoadguyisneat (<strong>Aerodactyl</strong>)!<br></div><div class="battle-history">[thistoadguyisneat's Unnerve]<br><small>The opposing team is too nervous to eat Berries!</small><br></div><div class="spacer battle-history"><br></div><div class="battle-history">The opposing Nidoqueen used <strong>Thunderbolt</strong>!<br></div><div class="battle-history"><small>It's super effective!</small><br></div><div class="battle-history"><small>(thistoadguyisneat lost 83% of its health!)</small><br></div><div class="spacer battle-history"><br></div><h2 class="battle-history">Turn 9</h2><div class="spacer battle-history"><br></div><div class="battle-history"><small>thistoadguyisneat's Aerodactylite is reacting to the Key Stone!</small><br>thistoadguyisneat has Mega Evolved into Mega Aerodactyl!<br></div><div class="spacer battle-history"><br></div><div class="battle-history">thistoadguyisneat used <strong>Earthquake</strong>!<br></div><div class="battle-history"><small>It's super effective!</small><br></div><div class="battle-history"><small>(The opposing Nidoqueen ate its Shuca Berry!)</small><br></div><div class="battle-history"><small>The Shuca Berry weakened the damage to the opposing Nidoqueen!</small><br></div><div class="battle-history"><small>(The opposing Nidoqueen lost 41% of its health!)</small><br></div><div class="spacer battle-history"><br></div><div class="battle-history">The opposing Nidoqueen used <strong>Thunderbolt</strong>!<br></div><div class="battle-history"><small>It's super effective!</small><br></div><div class="battle-history"><small>(thistoadguyisneat lost 17% of its health!)</small><br></div><div class="spacer battle-history"><br></div><div class="battle-history">thistoadguyisneat fainted!<br></div><div class="spacer battle-history"><br></div><div class="battle-history">Go! toad raid (<strong>Nidoking</strong>)!<br></div><div class="spacer battle-history"><br></div><h2 class="battle-history">Turn 10</h2><div class="chat chatmessage-contranaut"><strong style="color:#237f9e"><small> </small><span class="username" data-name="Contranaut">Contranaut</span>:</strong> <em>it's going down</em></div><div class="spacer battle-history"><br></div><div class="battle-history">toad raid used <strong>Earth Power</strong>!<br></div><div class="battle-history"><small>It's super effective!</small><br></div><div class="battle-history"><small>(The opposing Nidoqueen lost 59% of its health!)</small><br></div><div class="spacer battle-history"><br></div><div class="battle-history">The opposing Nidoqueen fainted!<br></div><div class="spacer battle-history"><br></div><div class="battle-history">mukmuk1 sent out <strong>Necrozma</strong>!<br></div><div class="spacer battle-history"><br></div><h2 class="battle-history">Turn 11</h2><div class="chat chatmessage-chillerfrost"><strong style="color:#2aaa9b"><small> </small><span class="username" data-name="ChillerFrost">ChillerFrost</span>:</strong> <em>I'm yelling timber</em></div><div class="spacer battle-history"><br></div><div class="battle-history">toad raid used <strong>Sludge Wave</strong>!<br></div><div class="battle-history"><small>(The opposing Necrozma lost 37% of its health!)</small><br></div><div class="spacer battle-history"><br></div><div class="battle-history">The opposing Necrozma used <strong>Knock Off</strong>!<br></div><div class="battle-history"><small>(toad raid lost 42% of its health!)</small><br></div><div class="battle-history"><small>The opposing Necrozma knocked off toad raid's Life Orb!</small><br></div><div class="spacer battle-history"><br></div><h2 class="battle-history">Turn 12</h2><div class="spacer battle-history"><br></div><div class="battle-history">toad raid used <strong>Sludge Wave</strong>!<br></div><div class="battle-history"><small>(The opposing Necrozma lost 30% of its health!)</small><br></div><div class="spacer battle-history"><br></div><div class="battle-history">The opposing Necrozma used <strong>Photon Geyser</strong>!<br></div><div class="battle-history"><small>It's super effective!</small><br></div><div class="battle-history"><small>(toad raid lost 58% of its health!)</small><br></div><div class="spacer battle-history"><br></div><div class="battle-history">toad raid fainted!<br></div><div class="spacer battle-history"><br></div><div class="battle-history">Go! toad my brothers (<strong>Chandelure</strong>)!<br></div><div class="spacer battle-history"><br></div><h2 class="battle-history">Turn 13</h2><div class="spacer battle-history"><br></div><div class="battle-history"><small>toad my brothers has Terastallized into the Fairy-type!</small><br></div><div class="spacer battle-history"><br></div><div class="battle-history">toad my brothers used <strong>Tera Blast</strong>!<br></div><div class="battle-history"><small>(The opposing Necrozma lost 33% of its health!)</small><br></div><div class="spacer battle-history"><br></div><div class="battle-history">The opposing Necrozma fainted!<br></div><div class="spacer battle-history"><br></div><div class="battle-history">mukmuk1 sent out <strong>Chi-Yu</strong>!<br></div><div class="battle-history">[The opposing Chi-Yu's Beads of Ruin]<br><small>The opposing Chi-Yu's Beads of Ruin weakened the Sp. Def of all surrounding Pokémon!</small><br></div><div class="spacer battle-history"><br></div><h2 class="battle-history">Turn 14</h2><div class="spacer battle-history"><br></div><div class="battle-history">The opposing Chi-Yu used <strong>Psychic</strong>!<br></div><div class="battle-history"><small>(toad my brothers lost 100% of its health!)</small><br></div><div class="spacer battle-history"><br></div><div class="battle-history">toad my brothers fainted!<br></div><div class="spacer battle-history"><br></div><div class="battle-history">Go! toadtasteslikesalt (<strong>Greninja</strong>)!<br></div><div class="spacer battle-history"><br></div><h2 class="battle-history">Turn 15</h2><div class="spacer battle-history"><br></div><div class="battle-history">toadtasteslikesalt used <strong>Water Shuriken</strong>!<br></div><div class="spacer battle-history"><br></div><div class="battle-history">[toadtasteslikesalt's Protean]<br><small>toadtasteslikesalt's type changed to Water!</small><br></div><div class="battle-history"><small>It's super effective!</small><br></div><div class="battle-history"><small>(The opposing Chi-Yu lost 26% of its health!)</small><br></div><div class="battle-history"><small>It's super effective!</small><br></div><div class="battle-history"><small>(The opposing Chi-Yu lost 23% of its health!)</small><br></div><div class="battle-history"><small>The Pokémon was hit 2 times!</small><br></div><div class="spacer battle-history"><br></div><div class="battle-history">The opposing Chi-Yu used <strong>Psychic</strong>!<br></div><div class="battle-history"><small>(toadtasteslikesalt lost 100% of its health!)</small><br></div><div class="spacer battle-history"><br></div><div class="battle-history">toadtasteslikesalt fainted!<br></div><div class="spacer battle-history"><br></div><div class="battle-history"><strong>mukmuk1</strong> won the battle!<br></div><div class="chat chatmessage-ausxh"><strong style="color:#1d7ab4"><small> </small><span class="username" data-name="Ausxh">Ausxh</span>:</strong> <em>gg</em></div><div class="chat chatmessage-mukmuk1"><strong style="color:#ce261d"><small>☆</small><span class="username" data-name="mukmuk1">mukmuk1</span>:</strong> <em>gg</em></div><div class="chat chatmessage-25days"><strong style="color:#bc4b7c"><small>☆</small><span class="username" data-name="25days">25days</span>:</strong> <em>gggg</em></div><div class="chat chatmessage-contranaut"><strong style="color:#237f9e"><small> </small><span class="username" data-name="Contranaut">Contranaut</span>:</strong> <em>bruh</em></div><div class="chat chatmessage-ausxh"><strong style="color:#1d7ab4"><small> </small><span class="username" data-name="Ausxh">Ausxh</span>:</strong> <em>modest specs chi-yu goes crazy</em></div><div class="chat chatmessage-serendipidu"><strong style="color:#7c53d9"><small> </small><span class="username" data-name="serendipidu">serendipidu</span>:</strong> <em>no surf?</em></div><div class="chat chatmessage-mukmuk1"><strong style="color:#ce261d"><small>☆</small><span class="username" data-name="mukmuk1">mukmuk1</span>:</strong> <em>surf loses to lycanroc</em></div><div class="chat chatmessage-contranaut"><strong style="color:#237f9e"><small> </small><span class="username" data-name="Contranaut">Contranaut</span>:</strong> <em>yea</em></div><div class="chat chatmessage-mukmuk1"><strong style="color:#ce261d"><small>☆</small><span class="username" data-name="mukmuk1">mukmuk1</span>:</strong> <em>he needs to hit 3 times</em></div><div class="chat chatmessage-25days"><strong style="color:#bc4b7c"><small>☆</small><span class="username" data-name="25days">25days</span>:</strong> <em>no surf</em></div><div class="chat chatmessage-mukmuk1"><strong style="color:#ce261d"><small>☆</small><span class="username" data-name="mukmuk1">mukmuk1</span>:</strong> <em>on lycanroc and chi yu</em></div><div class="chat chatmessage-mukmuk1"><strong style="color:#ce261d"><small>☆</small><span class="username" data-name="mukmuk1">mukmuk1</span>:</strong> <em>cuz i was sash on lycanroc</em></div><div class="chat chatmessage-mukmuk1"><strong style="color:#ce261d"><small>☆</small><span class="username" data-name="mukmuk1">mukmuk1</span>:</strong> <em>also</em></div><div class="chat chatmessage-mukmuk1"><strong style="color:#ce261d"><small>☆</small><span class="username" data-name="mukmuk1">mukmuk1</span>:</strong> <em>how did psychic kill chandy</em></div><div class="chat chatmessage-contranaut"><strong style="color:#237f9e"><small> </small><span class="username" data-name="Contranaut">Contranaut</span>:</strong> <em>I think he needed a 4 hit on lycan too?</em></div><div class="chat chatmessage-mukmuk1"><strong style="color:#ce261d"><small>☆</small><span class="username" data-name="mukmuk1">mukmuk1</span>:</strong> <em>252+ SpA Choice Specs Beads of Ruin Chi-Yu Psychic vs. 0 HP / 4 SpD Tera Fairy Chandelure: 240-283 (91.9 - 108.4%) -- 50% chance to OHKO</em></div><div class="chat chatmessage-mukmuk1"><strong style="color:#ce261d"><small>☆</small><span class="username" data-name="mukmuk1">mukmuk1</span>:</strong> <em>u 0 hp ?</em></div><div class="chat chatmessage-25days"><strong style="color:#bc4b7c"><small>☆</small><span class="username" data-name="25days">25days</span>:</strong> <em>yep</em></div><div class="chat chatmessage-mukmuk1"><strong style="color:#ce261d"><small>☆</small><span class="username" data-name="mukmuk1">mukmuk1</span>:</strong> <em>oh i c</em></div><div class="chat chatmessage-mukmuk1"><strong style="color:#ce261d"><small>☆</small><span class="username" data-name="mukmuk1">mukmuk1</span>:</strong> <em>what was the chandy set</em></div><div class="chat chatmessage-serendipidu"><strong style="color:#7c53d9"><small> </small><span class="username" data-name="serendipidu">serendipidu</span>:</strong> <em>prolly max max right</em></div><div class="chat chatmessage-mukmuk1"><strong style="color:#ce261d"><small>☆</small><span class="username" data-name="mukmuk1">mukmuk1</span>:</strong> <em>yea but</em></div><div class="chat chatmessage-mukmuk1"><strong style="color:#ce261d"><small>☆</small><span class="username" data-name="mukmuk1">mukmuk1</span>:</strong> <em>calm mind</em></div><div class="chat chatmessage-mukmuk1"><strong style="color:#ce261d"><small>☆</small><span class="username" data-name="mukmuk1">mukmuk1</span>:</strong> <em>or waht</em></div><div class="chat chatmessage-25days"><strong style="color:#bc4b7c"><small>☆</small><span class="username" data-name="25days">25days</span>:</strong> <em>tera blast</em></div><div class="chat chatmessage-25days"><strong style="color:#bc4b7c"><small>☆</small><span class="username" data-name="25days">25days</span>:</strong> <em>and 3 dmg moves</em></div><div class="chat chatmessage-doctashock"><strong style="color:#15a4c7"><small> </small><span class="username" data-name="DoctaShock">DoctaShock</span>:</strong> <em>so true</em></div><div class="chat chatmessage-25days"><strong style="color:#bc4b7c"><small>☆</small><span class="username" data-name="25days">25days</span>:</strong> <em>specs</em></div><div class="chat chatmessage-contranaut"><strong style="color:#237f9e"><small> </small><span class="username" data-name="Contranaut">Contranaut</span>:</strong> <em>couldn't you have tera blasted without teraing on necroz?</em></div></div><div class="inner-preempt message-log"></div></div></div>
</div>
<script>
let daily = Math.floor(Date.now()/1000/60/60/24);document.write('<script src="https://play.pokemonshowdown.com/js/replay-embed.js?version'+daily+'"></'+'script>');
</script>
