<!DOCTYPE html>
<meta charset="utf-8" />
<!-- version 1 -->
<title>[Gen 9] NatDex Draft replay: CDR Cucumber vs. elementalassasin</title>
<style>
html,body {font-family:Verdana, sans-serif;font-size:10pt;margin:0;padding:0;}body{padding:12px 0;} .battle-log {font-family:Verdana, sans-serif;font-size:10pt;} .battle-log-inline {border:1px solid #AAAAAA;background:#EEF2F5;color:black;max-width:640px;margin:0 auto 80px;padding-bottom:5px;} .battle-log .inner {padding:4px 8px 0px 8px;} .battle-log .inner-preempt {padding:0 8px 4px 8px;} .battle-log .inner-after {margin-top:0.5em;} .battle-log h2 {margin:0.5em -8px;padding:4px 8px;border:1px solid #AAAAAA;background:#E0E7EA;border-left:0;border-right:0;font-family:Verdana, sans-serif;font-size:13pt;} .battle-log .chat {vertical-align:middle;padding:3px 0 3px 0;font-size:8pt;} .battle-log .chat strong {color:#40576A;} .battle-log .chat em {padding:1px 4px 1px 3px;color:#000000;font-style:normal;} .chat.mine {background:rgba(0,0,0,0.05);margin-left:-8px;margin-right:-8px;padding-left:8px;padding-right:8px;} .spoiler {color:#BBBBBB;background:#BBBBBB;padding:0px 3px;} .spoiler:hover, .spoiler:active, .spoiler-shown {color:#000000;background:#E2E2E2;padding:0px 3px;} .spoiler a {color:#BBBBBB;} .spoiler:hover a, .spoiler:active a, .spoiler-shown a {color:#2288CC;} .chat code, .chat .spoiler:hover code, .chat .spoiler:active code, .chat .spoiler-shown code {border:1px solid #C0C0C0;background:#EEEEEE;color:black;padding:0 2px;} .chat .spoiler code {border:1px solid #CCCCCC;background:#CCCCCC;color:#CCCCCC;} .battle-log .rated {padding:3px 4px;} .battle-log .rated strong {color:white;background:#89A;padding:1px 4px;border-radius:4px;} .spacer {margin-top:0.5em;} .message-announce {background:#6688AA;color:white;padding:1px 4px 2px;} .message-announce a, .broadcast-green a, .broadcast-blue a, .broadcast-red a {color:#DDEEFF;} .broadcast-green {background-color:#559955;color:white;padding:2px 4px;} .broadcast-blue {background-color:#6688AA;color:white;padding:2px 4px;} .infobox {border:1px solid #6688AA;padding:2px 4px;} .infobox-limited {max-height:200px;overflow:auto;overflow-x:hidden;} .broadcast-red {background-color:#AA5544;color:white;padding:2px 4px;} .message-learn-canlearn {font-weight:bold;color:#228822;text-decoration:underline;} .message-learn-cannotlearn {font-weight:bold;color:#CC2222;text-decoration:underline;} .message-effect-weak {font-weight:bold;color:#CC2222;} .message-effect-resist {font-weight:bold;color:#6688AA;} .message-effect-immune {font-weight:bold;color:#666666;} .message-learn-list {margin-top:0;margin-bottom:0;} .message-throttle-notice, .message-error {color:#992222;} .message-overflow, .chat small.message-overflow {font-size:0pt;} .message-overflow::before {font-size:9pt;content:'...';} .subtle {color:#3A4A66;}
</style>
<div class="wrapper replay-wrapper" style="max-width:1180px;margin:0 auto">
<input type="hidden" name="replayid" value="gen9natdexdraft-2156799497" />
<div class="battle"></div><div class="battle-log"></div><div class="replay-controls"></div><div class="replay-controls-2"></div>
<h1 style="font-weight:normal;text-align:center"><strong>[Gen 9] NatDex Draft</strong><br /><a href="http://pokemonshowdown.com/users/cdrcucumber" class="subtle" target="_blank">CDR Cucumber</a> vs. <a href="http://pokemonshowdown.com/users/elementalassasin" class="subtle" target="_blank">elementalassasin</a></h1>
<script type="text/plain" class="battle-log-data">
|j|☆CDR Cucumber
|j|☆elementalassasin
|t:|1720375576
|gametype|singles
|player|p1|CDR Cucumber|iris-gen5bw2|
|player|p2|elementalassasin|volkner|
|teamsize|p1|6
|teamsize|p2|6
|gen|9
|tier|[Gen 9] NatDex Draft
|rule|Sleep Clause Mod: Limit one foe put to sleep
|rule|OHKO Clause: OHKO moves are banned
|rule|Evasion Clause: Evasion abilities, items, and moves are banned
|rule|Evasion Abilities Clause: Evasion abilities are banned
|rule|Evasion Items Clause: Evasion items are banned
|rule|Evasion Moves Clause: Evasion moves are banned
|rule|Endless Battle Clause: Forcing endless battles is banned
|rule|HP Percentage Mod: HP is shown in percentages
|clearpoke
|poke|p1|Tornadus-Therian, M|
|poke|p1|Mienshao, M|
|poke|p1|Naclstack, F|
|poke|p1|Gallade, M|
|poke|p1|Ursaluna, F|
|poke|p1|Tinkaton, F|
|poke|p2|Porygon2|
|poke|p2|Tapu Fini|
|poke|p2|Raging Bolt|
|poke|p2|Iron Treads|
|poke|p2|Glaceon, M|
|poke|p2|Talonflame, F|
|teampreview
|j| Prime13576
|j| DoctaShockFan
|j| conundromic
|c| Prime13576|Heads up: we will be using the timer on Turn 2
|c|☆elementalassasin|ok
|
|t:|1720375660
|start
|switch|p1a: Mienshao|Mienshao, M|100\/100
|switch|p2a: Talonflame|Talonflame, F|100\/100
|turn|1
|
|t:|1720375710
|switch|p1a: Naclstack|Naclstack, F|100\/100
|move|p2a: Talonflame|Tailwind|p2a: Talonflame
|-sidestart|p2: elementalassasin|move: Tailwind
|
|upkeep
|turn|2
|
|t:|1720375775
|switch|p2a: Iron Treads|Iron Treads|100\/100
|move|p1a: Naclstack|Salt Cure|p2a: Iron Treads
|-resisted|p2a: Iron Treads
|-damage|p2a: Iron Treads|99\/100
|-start|p2a: Iron Treads|Salt Cure
|-enditem|p2a: Iron Treads|Eject Button
|inactive|Battle timer is ON: inactive players will automatically lose when time's up. (requested by CDR Cucumber)
|l| conundromic
|
|t:|1720375792
|-end|p2a: Iron Treads|Quark Drive|[silent]
|switch|p2a: Tapu Fini|Tapu Fini|100\/100
|-fieldstart|move: Misty Terrain|[from] ability: Misty Surge|[of] p2a: Tapu Fini
|
|upkeep
|turn|3
|j| Crown oji
|inactive|CDR Cucumber has 270 seconds left.
|
|t:|1720375823
|-terastallize|p1a: Naclstack|Water
|move|p2a: Tapu Fini|Calm Mind|p2a: Tapu Fini
|-boost|p2a: Tapu Fini|spa|1
|-boost|p2a: Tapu Fini|spd|1
|move|p1a: Naclstack|Salt Cure|p2a: Tapu Fini
|-damage|p2a: Tapu Fini|94\/100
|-start|p2a: Tapu Fini|Salt Cure
|
|-heal|p2a: Tapu Fini|99\/100|[from] item: Leftovers
|-damage|p2a: Tapu Fini|75\/100|[from] Salt Cure
|upkeep
|turn|4
|inactive|CDR Cucumber has 270 seconds left.
|inactive|CDR Cucumber has 240 seconds left.
|
|t:|1720375870
|switch|p2a: Glaceon|Glaceon, M|100\/100
|move|p1a: Naclstack|Stealth Rock|p2a: Glaceon
|-sidestart|p2: elementalassasin|move: Stealth Rock
|
|-sideend|p2: elementalassasin|move: Tailwind
|upkeep
|turn|5
|inactive|CDR Cucumber has 240 seconds left.
|
|t:|1720375893
|switch|p1a: Tinkaton|Tinkaton, F|100\/100
|-ability|p1a: Tinkaton|Mold Breaker
|-terastallize|p2a: Glaceon|Ghost
|move|p2a: Glaceon|Shadow Ball|p1a: Tinkaton
|-damage|p1a: Tinkaton|58\/100
|
|-heal|p1a: Tinkaton|64\/100|[from] item: Leftovers
|upkeep
|turn|6
|l| Crown oji
|
|t:|1720375908
|switch|p2a: Iron Treads|Iron Treads|99\/100
|-damage|p2a: Iron Treads|96\/100|[from] Stealth Rock
|move|p1a: Tinkaton|Knock Off|p2a: Iron Treads
|-damage|p2a: Iron Treads|85\/100
|
|-heal|p1a: Tinkaton|70\/100|[from] item: Leftovers
|-fieldend|Misty Terrain
|upkeep
|turn|7
|inactive|CDR Cucumber has 210 seconds left.
|
|t:|1720375930
|switch|p1a: Tornadus|Tornadus-Therian, M|100\/100
|move|p2a: Iron Treads|Rapid Spin|p1a: Tornadus
|-damage|p1a: Tornadus|84\/100
|-boost|p2a: Iron Treads|spe|1
|-sideend|p2: elementalassasin|Stealth Rock|[from] move: Rapid Spin|[of] p2a: Iron Treads
|
|upkeep
|turn|8
|j| DoctaShock
|inactive|CDR Cucumber has 210 seconds left.
|
|t:|1720375947
|move|p2a: Iron Treads|Ice Spinner|p1a: Tornadus
|-supereffective|p1a: Tornadus
|-damage|p1a: Tornadus|25\/100
|move|p1a: Tornadus|Heat Wave|p2a: Iron Treads
|-supereffective|p2a: Iron Treads
|-damage|p2a: Iron Treads|22\/100
|
|upkeep
|turn|9
|j| mukmuk1
|inactive|CDR Cucumber has 210 seconds left.
|
|t:|1720375967
|-end|p2a: Iron Treads|Quark Drive|[silent]
|switch|p2a: Glaceon|Glaceon, M, tera:Ghost|100\/100
|switch|p1a: Naclstack|Naclstack, F, tera:Water|100\/100
|
|upkeep
|turn|10
|j| Crown oji
|
|t:|1720375977
|move|p1a: Naclstack|Protect|p1a: Naclstack
|-singleturn|p1a: Naclstack|Protect
|move|p2a: Glaceon|Freeze-Dry|p1a: Naclstack
|-activate|p1a: Naclstack|move: Protect
|
|upkeep
|turn|11
|inactive|CDR Cucumber has 180 seconds left.
|c|☆elementalassasin|yo muk have you ever used tearlaments before
|
|t:|1720376028
|switch|p1a: Mienshao|Mienshao, M|100\/100
|move|p2a: Glaceon|Freeze-Dry|p1a: Mienshao
|-damage|p1a: Mienshao|23\/100
|
|upkeep
|turn|12
|c|☆elementalassasin|i cant get that deck to work
|inactive|CDR Cucumber has 150 seconds left.
|
|t:|1720376061
|switch|p1a: Tinkaton|Tinkaton, F|70\/100
|-ability|p1a: Tinkaton|Mold Breaker
|switch|p2a: Talonflame|Talonflame, F|100\/100
|
|-heal|p1a: Tinkaton|76\/100|[from] item: Leftovers
|upkeep
|turn|13
|
|t:|1720376071
|move|p1a: Tinkaton|Fake Out|p2a: Talonflame
|-damage|p2a: Talonflame|93\/100
|cant|p2a: Talonflame|flinch
|
|-heal|p1a: Tinkaton|82\/100|[from] item: Leftovers
|upkeep
|turn|14
|inactive|CDR Cucumber has 150 seconds left.
|
|t:|1720376086
|switch|p1a: Naclstack|Naclstack, F, tera:Water|100\/100
|move|p2a: Talonflame|Tailwind|p2a: Talonflame
|-sidestart|p2: elementalassasin|move: Tailwind
|
|upkeep
|turn|15
|inactive|CDR Cucumber has 150 seconds left.
|
|t:|1720376095
|switch|p2a: Glaceon|Glaceon, M, tera:Ghost|100\/100
|move|p1a: Naclstack|Salt Cure|p2a: Glaceon
|-crit|p2a: Glaceon
|-damage|p2a: Glaceon|87\/100
|-start|p2a: Glaceon|Salt Cure
|
|-damage|p2a: Glaceon|75\/100|[from] Salt Cure
|upkeep
|turn|16
|inactive|CDR Cucumber has 150 seconds left.
|
|t:|1720376120
|move|p1a: Naclstack|Protect|p1a: Naclstack
|-singleturn|p1a: Naclstack|Protect
|move|p2a: Glaceon|Shadow Ball|p1a: Naclstack
|-activate|p1a: Naclstack|move: Protect
|
|-damage|p2a: Glaceon|62\/100|[from] Salt Cure
|upkeep
|turn|17
|c| mukmuk1|i never played it
|inactive|CDR Cucumber has 150 seconds left.
|
|t:|1720376139
|switch|p2a: Porygon2|Porygon2|100\/100
|-ability|p2a: Porygon2|Purifying Salt|[from] ability: Trace|[of] p1a: Naclstack
|move|p1a: Naclstack|Stealth Rock|p2a: Porygon2
|-sidestart|p2: elementalassasin|move: Stealth Rock
|
|-sideend|p2: elementalassasin|move: Tailwind
|upkeep
|turn|18
|inactive|CDR Cucumber has 150 seconds left.
|
|t:|1720376162
|move|p1a: Naclstack|Protect|p1a: Naclstack
|-singleturn|p1a: Naclstack|Protect
|move|p2a: Porygon2|Thunder Wave|p1a: Naclstack
|-activate|p1a: Naclstack|move: Protect
|
|upkeep
|turn|19
|j| Contranaut
|
|t:|1720376172
|switch|p1a: carm|Ursaluna, F|100\/100
|move|p2a: Porygon2|Thunder Wave|p1a: carm
|-immune|p1a: carm
|
|-status|p1a: carm|brn|[from] item: Flame Orb
|upkeep
|turn|20
|l| Crown oji
|inactive|CDR Cucumber has 120 seconds left.
|
|t:|1720376212
|move|p2a: Porygon2|Ice Beam|p1a: carm
|-supereffective|p1a: carm
|-damage|p1a: carm|57\/100 brn
|move|p1a: carm|Earthquake|p2a: Porygon2
|-damage|p2a: Porygon2|51\/100
|
|-damage|p1a: carm|51\/100 brn|[from] brn
|upkeep
|turn|21
|l| mukmuk1
|inactive|CDR Cucumber has 90 seconds left.
|inactive|CDR Cucumber has 60 seconds left.
|
|t:|1720376289
|switch|p1a: Tinkaton|Tinkaton, F|82\/100
|-ability|p1a: Tinkaton|Mold Breaker
|move|p2a: Porygon2|Ice Beam|p1a: Tinkaton
|-resisted|p1a: Tinkaton
|-damage|p1a: Tinkaton|74\/100
|
|-heal|p1a: Tinkaton|80\/100|[from] item: Leftovers
|upkeep
|turn|22
|
|t:|1720376303
|move|p1a: Tinkaton|Knock Off|p2a: Porygon2
|-damage|p2a: Porygon2|41\/100
|-enditem|p2a: Porygon2|Eviolite|[from] move: Knock Off|[of] p1a: Tinkaton
|move|p2a: Porygon2|Recover|p2a: Porygon2
|-heal|p2a: Porygon2|91\/100
|
|-heal|p1a: Tinkaton|86\/100|[from] item: Leftovers
|upkeep
|turn|23
|
|t:|1720376311
|move|p1a: Tinkaton|Thunder Wave|p2a: Porygon2
|-status|p2a: Porygon2|par
|move|p2a: Porygon2|Thunder Wave|p1a: Tinkaton
|-status|p1a: Tinkaton|par
|
|-heal|p1a: Tinkaton|92\/100 par|[from] item: Leftovers
|upkeep
|turn|24
|
|t:|1720376327
|switch|p2a: Talonflame|Talonflame, F|93\/100
|move|p1a: Tinkaton|Brick Break|p2a: Talonflame
|-resisted|p2a: Talonflame
|-damage|p2a: Talonflame|85\/100
|
|-heal|p1a: Tinkaton|98\/100 par|[from] item: Leftovers
|upkeep
|turn|25
|
|t:|1720376339
|move|p2a: Talonflame|Defog|p1a: Tinkaton
|-unboost|p1a: Tinkaton|evasion|1
|-sideend|p2: elementalassasin|Stealth Rock|[from] move: Defog|[of] p2a: Talonflame
|move|p1a: Tinkaton|Knock Off|p2a: Talonflame
|-damage|p2a: Talonflame|68\/100
|-enditem|p2a: Talonflame|Heavy-Duty Boots|[from] move: Knock Off|[of] p1a: Tinkaton
|
|-heal|p1a: Tinkaton|100\/100 par|[from] item: Leftovers
|upkeep
|turn|26
|
|t:|1720376350
|switch|p2a: Tapu Fini|Tapu Fini|75\/100
|-fieldstart|move: Misty Terrain|[from] ability: Misty Surge|[of] p2a: Tapu Fini
|switch|p1a: Naclstack|Naclstack, F, tera:Water|100\/100
|
|-heal|p2a: Tapu Fini|81\/100|[from] item: Leftovers
|upkeep
|turn|27
|
|t:|1720376375
|switch|p2a: Porygon2|Porygon2|91\/100 par
|-ability|p2a: Porygon2|Purifying Salt|[from] ability: Trace|[of] p1a: Naclstack
|move|p1a: Naclstack|Salt Cure|p2a: Porygon2
|-damage|p2a: Porygon2|83\/100 par
|-start|p2a: Porygon2|Salt Cure
|
|-damage|p2a: Porygon2|71\/100 par|[from] Salt Cure
|upkeep
|turn|28
|inactive|CDR Cucumber has 60 seconds left.
|
|t:|1720376385
|move|p1a: Naclstack|Protect|p1a: Naclstack
|-singleturn|p1a: Naclstack|Protect
|move|p2a: Porygon2|Recover|p2a: Porygon2
|-heal|p2a: Porygon2|100\/100 par
|
|-damage|p2a: Porygon2|88\/100 par|[from] Salt Cure
|upkeep
|turn|29
|
|t:|1720376396
|move|p1a: Naclstack|Stealth Rock|p2a: Porygon2
|-sidestart|p2: elementalassasin|move: Stealth Rock
|cant|p2a: Porygon2|par
|
|-damage|p2a: Porygon2|76\/100 par|[from] Salt Cure
|upkeep
|turn|30
|
|t:|1720376402
|switch|p2a: Talonflame|Talonflame, F|68\/100
|-damage|p2a: Talonflame|18\/100|[from] Stealth Rock
|move|p1a: Naclstack|Stealth Rock||[still]
|-fail|p1a: Naclstack
|
|-fieldend|Misty Terrain
|upkeep
|turn|31
|
|t:|1720376419
|move|p2a: Talonflame|Defog|p1a: Naclstack
|-unboost|p1a: Naclstack|evasion|1
|-sideend|p2: elementalassasin|Stealth Rock|[from] move: Defog|[of] p2a: Talonflame
|move|p1a: Naclstack|Salt Cure|p2a: Talonflame
|-supereffective|p2a: Talonflame
|-damage|p2a: Talonflame|0 fnt
|faint|p2a: Talonflame
|
|upkeep
|
|t:|1720376434
|switch|p2a: Glaceon|Glaceon, M, tera:Ghost|62\/100
|turn|32
|
|t:|1720376440
|move|p1a: Naclstack|Protect|p1a: Naclstack
|-singleturn|p1a: Naclstack|Protect
|move|p2a: Glaceon|Wish|p2a: Glaceon
|
|upkeep
|turn|33
|
|t:|1720376451
|switch|p2a: Tapu Fini|Tapu Fini|81\/100
|-fieldstart|move: Misty Terrain|[from] ability: Misty Surge|[of] p2a: Tapu Fini
|move|p1a: Naclstack|Stealth Rock|p2a: Tapu Fini
|-sidestart|p2: elementalassasin|move: Stealth Rock
|
|-heal|p2a: Tapu Fini|100\/100|[from] move: Wish|[wisher] Glaceon
|upkeep
|turn|34
|
|t:|1720376459
|move|p2a: Tapu Fini|Calm Mind|p2a: Tapu Fini
|-boost|p2a: Tapu Fini|spa|1
|-boost|p2a: Tapu Fini|spd|1
|move|p1a: Naclstack|Salt Cure|p2a: Tapu Fini
|-damage|p2a: Tapu Fini|94\/100
|-start|p2a: Tapu Fini|Salt Cure
|
|-heal|p2a: Tapu Fini|99\/100|[from] item: Leftovers
|-damage|p2a: Tapu Fini|75\/100|[from] Salt Cure
|upkeep
|turn|35
|inactive|CDR Cucumber has 90 seconds left.
|inactive|elementalassasin has 270 seconds left.
|
|t:|1720376491
|switch|p1a: Tinkaton|Tinkaton, F|100\/100 par
|-ability|p1a: Tinkaton|Mold Breaker
|move|p2a: Tapu Fini|Calm Mind|p2a: Tapu Fini
|-boost|p2a: Tapu Fini|spa|1
|-boost|p2a: Tapu Fini|spd|1
|
|-heal|p2a: Tapu Fini|81\/100|[from] item: Leftovers
|-damage|p2a: Tapu Fini|56\/100|[from] Salt Cure
|upkeep
|turn|36
|
|t:|1720376501
|cant|p1a: Tinkaton|par
|move|p2a: Tapu Fini|Scald|p1a: Tinkaton
|-damage|p1a: Tinkaton|63\/100 par
|
|-heal|p2a: Tapu Fini|62\/100|[from] item: Leftovers
|-heal|p1a: Tinkaton|69\/100 par|[from] item: Leftovers
|-damage|p2a: Tapu Fini|37\/100|[from] Salt Cure
|upkeep
|turn|37
|
|t:|1720376515
|switch|p2a: Iron Treads|Iron Treads|22\/100
|-damage|p2a: Iron Treads|19\/100|[from] Stealth Rock
|move|p1a: Tinkaton|Knock Off|p2a: Iron Treads
|-damage|p2a: Iron Treads|9\/100
|
|-heal|p1a: Tinkaton|75\/100 par|[from] item: Leftovers
|-fieldend|Misty Terrain
|upkeep
|turn|38
|
|t:|1720376537
|switch|p1a: Naclstack|Naclstack, F, tera:Water|100\/100
|move|p2a: Iron Treads|Rapid Spin|p1a: Naclstack
|-damage|p1a: Naclstack|92\/100
|-boost|p2a: Iron Treads|spe|1
|-sideend|p2: elementalassasin|Stealth Rock|[from] move: Rapid Spin|[of] p2a: Iron Treads
|
|upkeep
|turn|39
|
|t:|1720376545
|move|p2a: Iron Treads|Stealth Rock|p1a: Naclstack
|-sidestart|p1: CDR Cucumber|move: Stealth Rock
|move|p1a: Naclstack|Salt Cure|p2a: Iron Treads
|-resisted|p2a: Iron Treads
|-damage|p2a: Iron Treads|7\/100
|-start|p2a: Iron Treads|Salt Cure
|
|-damage|p2a: Iron Treads|0 fnt|[from] Salt Cure
|faint|p2a: Iron Treads
|-end|p2a: Iron Treads|Quark Drive|[silent]
|upkeep
|
|t:|1720376550
|switch|p2a: Raging Bolt|Raging Bolt|100\/100
|-enditem|p2a: Raging Bolt|Booster Energy
|-activate|p2a: Raging Bolt|ability: Protosynthesis|[fromitem]
|-start|p2a: Raging Bolt|protosynthesisspa
|turn|40
|inactive|CDR Cucumber has 60 seconds left.
|
|t:|1720376588
|move|p1a: Naclstack|Protect|p1a: Naclstack
|-singleturn|p1a: Naclstack|Protect
|move|p2a: Raging Bolt|Calm Mind|p2a: Raging Bolt
|-boost|p2a: Raging Bolt|spa|1
|-boost|p2a: Raging Bolt|spd|1
|
|upkeep
|turn|41
|inactive|CDR Cucumber has 60 seconds left.
|
|t:|1720376598
|switch|p1a: carm|Ursaluna, F|51\/100 brn
|-damage|p1a: carm|45\/100 brn|[from] Stealth Rock
|move|p2a: Raging Bolt|Calm Mind|p2a: Raging Bolt
|-boost|p2a: Raging Bolt|spa|1
|-boost|p2a: Raging Bolt|spd|1
|
|-damage|p1a: carm|39\/100 brn|[from] brn
|upkeep
|turn|42
|inactive|CDR Cucumber has 60 seconds left.
|
|t:|1720376617
|move|p2a: Raging Bolt|Dragon Pulse|p1a: carm
|-damage|p1a: carm|0 fnt
|faint|p1a: carm
|
|upkeep
|
|t:|1720376634
|switch|p1a: Mienshao|Mienshao, M|56\/100
|-damage|p1a: Mienshao|50\/100|[from] Stealth Rock
|turn|43
|
|t:|1720376639
|move|p1a: Mienshao|Fake Out|p2a: Raging Bolt
|-damage|p2a: Raging Bolt|88\/100
|cant|p2a: Raging Bolt|flinch
|
|upkeep
|turn|44
|inactive|CDR Cucumber has 30 seconds left.
|
|t:|1720376679
|move|p1a: Mienshao|Close Combat|p2a: Raging Bolt
|-damage|p2a: Raging Bolt|34\/100
|-unboost|p1a: Mienshao|def|1
|-unboost|p1a: Mienshao|spd|1
|move|p2a: Raging Bolt|Dragon Pulse|p1a: Mienshao
|-damage|p1a: Mienshao|0 fnt
|faint|p1a: Mienshao
|
|upkeep
|inactive|CDR Cucumber has 30 seconds left.
|
|t:|1720376688
|switch|p1a: Gallade|Gallade, M|100\/100
|-damage|p1a: Gallade|94\/100|[from] Stealth Rock
|turn|45
|inactive|CDR Cucumber has 30 seconds left.
|
|t:|1720376702
|detailschange|p1a: Gallade|Gallade-Mega, M
|-mega|p1a: Gallade|Gallade|Galladite
|move|p2a: Raging Bolt|Thunderclap|p1a: Gallade
|-damage|p1a: Gallade|0 fnt
|faint|p1a: Gallade
|
|upkeep
|inactive|CDR Cucumber has 30 seconds left.
|
|t:|1720376711
|switch|p1a: Tinkaton|Tinkaton, F|75\/100 par
|-damage|p1a: Tinkaton|69\/100 par|[from] Stealth Rock
|-ability|p1a: Tinkaton|Mold Breaker
|turn|46
|
|t:|1720376720
|move|p1a: Tinkaton|Fake Out|p2a: Raging Bolt
|-damage|p2a: Raging Bolt|28\/100
|cant|p2a: Raging Bolt|flinch
|
|-heal|p1a: Tinkaton|75\/100 par|[from] item: Leftovers
|upkeep
|turn|47
|inactive|CDR Cucumber has 30 seconds left.
|
|t:|1720376736
|move|p2a: Raging Bolt|Thunderclap|p1a: Tinkaton
|-damage|p1a: Tinkaton|5\/100 par
|cant|p1a: Tinkaton|par
|
|-heal|p1a: Tinkaton|11\/100 par|[from] item: Leftovers
|upkeep
|turn|48
|inactive|CDR Cucumber has 30 seconds left.
|
|t:|1720376748
|move|p2a: Raging Bolt|Thunderclap|p1a: Tinkaton
|-damage|p1a: Tinkaton|0 fnt
|faint|p1a: Tinkaton
|
|upkeep
|inactive|CDR Cucumber has 30 seconds left.
|
|t:|1720376753
|switch|p1a: Naclstack|Naclstack, F, tera:Water|92\/100
|-damage|p1a: Naclstack|80\/100|[from] Stealth Rock
|turn|49
|
|t:|1720376762
|move|p2a: Raging Bolt|Thunderclap|p1a: Naclstack
|-supereffective|p1a: Naclstack
|-damage|p1a: Naclstack|0 fnt
|faint|p1a: Naclstack
|
|upkeep
|
|t:|1720376766
|switch|p1a: Tornadus|Tornadus-Therian, M|58\/100
|turn|50
|
|t:|1720376779
|move|p2a: Raging Bolt|Thunderclap|p1a: Tornadus
|-supereffective|p1a: Tornadus
|-damage|p1a: Tornadus|0 fnt
|faint|p1a: Tornadus
|
|win|elementalassasin
|c|☆CDR Cucumber|gg
|c|☆elementalassasin|gg
|c| Prime13576|gg
|c|☆elementalassasin|i was
|c|☆elementalassasin|so scared of
|c|☆elementalassasin|eiscue
|c|☆elementalassasin|so i didnt bring urshifu
|c|☆elementalassasin|xd
|l| Prime13576
|l| DoctaShockFan
|c|☆CDR Cucumber|we did underestimate bolt severly
|c|☆CDR Cucumber|glaceon was scaring us early
|c|☆elementalassasin|yea even at +1 its really scary
|c|☆elementalassasin|yea i wanted to use glaceon as chip
|c|☆elementalassasin|to later set up a sweep
|c|☆elementalassasin|but nacl just walled it so hard
|c|☆elementalassasin|with protect xd
|c|☆CDR Cucumber|it took us a sec to realize specs
|c|☆elementalassasin|also did not realize tinkaton gets fake out
|c|☆elementalassasin|just learned that today lol
|l| Contranaut
|l|☆elementalassasin
|player|p2|
|j|☆elementalassasin
|player|p2|elementalassasin|volkner|
|l|☆elementalassasin
|player|p2|
|l|☆CDR Cucumber
|player|p1|

</script>
</div>
<div class="battle-log battle-log-inline"><div class="inner"><div class="battle-options"></div><div class="inner message-log"><div class="chat"><small>☆CDR Cucumber and ☆elementalassasin joined</small></div><div class=""><small>Format:</small> <br><strong>[Gen 9] NatDex Draft</strong></div><div class=""><small><em>Sleep Clause Mod:</em> Limit one foe put to sleep</small></div><div class=""><small><em>OHKO Clause:</em> OHKO moves are banned</small></div><div class=""><small><em>Evasion Clause:</em> Evasion abilities, items, and moves are banned</small></div><div class=""><small><em>Evasion Abilities Clause:</em> Evasion abilities are banned</small></div><div class=""><small><em>Evasion Items Clause:</em> Evasion items are banned</small></div><div class=""><small><em>Evasion Moves Clause:</em> Evasion moves are banned</small></div><div class=""><small><em>Endless Battle Clause:</em> Forcing endless battles is banned</small></div><div class=""><small><em>HP Percentage Mod:</em> HP is shown in percentages</small></div><div class="chat battle-history"><strong>CDR Cucumber's team:</strong> <em style="color:#445566;display:block;">Tornadus-Therian / Mienshao / Naclstack / Gallade / Ursaluna / Tinkaton</em></div><div class="chat battle-history"><strong>elementalassasin's team:</strong> <em style="color:#445566;display:block;">Porygon2 / Tapu Fini / Raging Bolt / Iron Treads / Glaceon / Talonflame</em></div><div class="chat"><small> Prime13576,  DoctaShockFan, and  conundromic joined</small></div><div class="chat chatmessage-prime13576"><strong style="color:#0bb7b2"><small> </small><span class="username" data-name="Prime13576">Prime13576</span>:</strong> <em>Heads up: we will be using the timer on Turn 2</em></div><div class="chat chatmessage-elementalassasin"><strong style="color:#9b7e41"><small>☆</small><span class="username" data-name="elementalassasin">elementalassasin</span>:</strong> <em>ok</em></div><div class="spacer battle-history"><br></div><div class="battle-history">Battle started between CDR Cucumber and elementalassasin!<br></div><div class="spacer battle-history"><br></div><div class="battle-history">Go! <strong>Mienshao</strong>!<br></div><div class="spacer battle-history"><br></div><div class="battle-history">elementalassasin sent out <strong>Talonflame</strong>!<br></div><div class="spacer battle-history"><br></div><h2 class="battle-history">Turn 1</h2><div class="spacer battle-history"><br></div><div class="battle-history">Mienshao, come back!<br></div><div class="battle-history">Go! <strong>Naclstack</strong>!<br></div><div class="spacer battle-history"><br></div><div class="battle-history">The opposing Talonflame used <strong>Tailwind</strong>!<br></div><div class="battle-history"><small>The Tailwind blew from behind the opposing team!</small><br></div><div class="spacer battle-history"><br></div><h2 class="battle-history">Turn 2</h2><div class="spacer battle-history"><br></div><div class="battle-history">elementalassasin withdrew Talonflame!<br></div><div class="battle-history">elementalassasin sent out <strong>Iron Treads</strong>!<br></div><div class="spacer battle-history"><br></div><div class="battle-history">Naclstack used <strong>Salt Cure</strong>!<br></div><div class="battle-history"><small>It's not very effective...</small><br></div><div class="battle-history"><small>(The opposing Iron Treads lost 1% of its health!)</small><br></div><div class="battle-history"><small>The opposing Iron Treads is being salt cured!</small><br></div><div class="battle-history"><small>The opposing Iron Treads is switched out with the Eject Button!</small><br></div><div class="chat message-error">Battle timer is ON: inactive players will automatically lose when time's up. (requested by CDR Cucumber)</div><div class="chat"><small> conundromic left</small></div><div class="spacer battle-history"><br></div><div class="battle-history">elementalassasin withdrew Iron Treads!<br></div><div class="battle-history">elementalassasin sent out <strong>Tapu Fini</strong>!<br></div><div class="battle-history">[The opposing Tapu Fini's Misty Surge]<br><small>Mist swirled around the battlefield!</small><br></div><div class="spacer battle-history"><br></div><h2 class="battle-history">Turn 3</h2><div class="chat"><small> Crown oji joined</small></div><div class="chat message-error">CDR Cucumber has 270 seconds left.</div><div class="spacer battle-history"><br></div><div class="battle-history"><small>Naclstack has Terastallized into the Water-type!</small><br></div><div class="spacer battle-history"><br></div><div class="battle-history">The opposing Tapu Fini used <strong>Calm Mind</strong>!<br></div><div class="battle-history"><small>The opposing Tapu Fini's Sp. Atk rose!</small><br></div><div class="battle-history"><small>The opposing Tapu Fini's Sp. Def rose!</small><br></div><div class="spacer battle-history"><br></div><div class="battle-history">Naclstack used <strong>Salt Cure</strong>!<br></div><div class="battle-history"><small>(The opposing Tapu Fini lost 6% of its health!)</small><br></div><div class="battle-history"><small>The opposing Tapu Fini is being salt cured!</small><br></div><div class="spacer battle-history"><br></div><div class="battle-history"><small>The opposing Tapu Fini restored a little HP using its Leftovers!</small><br></div><div class="battle-history"><small>The opposing Tapu Fini is hurt by Salt Cure!</small><br></div><div class="spacer battle-history"><br></div><h2 class="battle-history">Turn 4</h2><div class="chat message-error">CDR Cucumber has 270 seconds left.</div><div class="chat message-error">CDR Cucumber has 240 seconds left.</div><div class="spacer battle-history"><br></div><div class="battle-history">elementalassasin withdrew Tapu Fini!<br></div><div class="battle-history">elementalassasin sent out <strong>Glaceon</strong>!<br></div><div class="spacer battle-history"><br></div><div class="battle-history">Naclstack used <strong>Stealth Rock</strong>!<br></div><div class="battle-history"><small>Pointed stones float in the air around the opposing team!</small><br></div><div class="spacer battle-history"><br></div><div class="battle-history"><small>The opposing team's Tailwind petered out!</small><br></div><div class="spacer battle-history"><br></div><h2 class="battle-history">Turn 5</h2><div class="chat message-error">CDR Cucumber has 240 seconds left.</div><div class="spacer battle-history"><br></div><div class="battle-history">Naclstack, come back!<br></div><div class="battle-history">Go! <strong>Tinkaton</strong>!<br></div><div class="battle-history">[Tinkaton's Mold Breaker]<br><small>Tinkaton breaks the mold!</small><br></div><div class="spacer battle-history"><br></div><div class="battle-history"><small>The opposing Glaceon has Terastallized into the Ghost-type!</small><br></div><div class="spacer battle-history"><br></div><div class="battle-history">The opposing Glaceon used <strong>Shadow Ball</strong>!<br></div><div class="battle-history"><small>(Tinkaton lost 42% of its health!)</small><br></div><div class="spacer battle-history"><br></div><div class="battle-history"><small>Tinkaton restored a little HP using its Leftovers!</small><br></div><div class="spacer battle-history"><br></div><h2 class="battle-history">Turn 6</h2><div class="chat"><small> Crown oji left</small></div><div class="spacer battle-history"><br></div><div class="battle-history">elementalassasin withdrew Glaceon!<br></div><div class="battle-history">elementalassasin sent out <strong>Iron Treads</strong>!<br></div><div class="battle-history"><small>Pointed stones dug into the opposing Iron Treads!</small><br></div><div class="spacer battle-history"><br></div><div class="battle-history">Tinkaton used <strong>Knock Off</strong>!<br></div><div class="battle-history"><small>(The opposing Iron Treads lost 11% of its health!)</small><br></div><div class="spacer battle-history"><br></div><div class="battle-history"><small>Tinkaton restored a little HP using its Leftovers!</small><br></div><div class="battle-history"><small>The mist disappeared from the battlefield.</small><br></div><div class="spacer battle-history"><br></div><h2 class="battle-history">Turn 7</h2><div class="chat message-error">CDR Cucumber has 210 seconds left.</div><div class="spacer battle-history"><br></div><div class="battle-history">Tinkaton, come back!<br></div><div class="battle-history">Go! Tornadus (<strong>Tornadus-Therian</strong>)!<br></div><div class="spacer battle-history"><br></div><div class="battle-history">The opposing Iron Treads used <strong>Rapid Spin</strong>!<br></div><div class="battle-history"><small>(Tornadus lost 16% of its health!)</small><br></div><div class="battle-history"><small>The opposing Iron Treads's Speed rose!</small><br></div><div class="battle-history"><small>The pointed stones disappeared from around the opposing team!</small><br></div><div class="spacer battle-history"><br></div><h2 class="battle-history">Turn 8</h2><div class="chat"><small> DoctaShock joined</small></div><div class="chat message-error">CDR Cucumber has 210 seconds left.</div><div class="spacer battle-history"><br></div><div class="battle-history">The opposing Iron Treads used <strong>Ice Spinner</strong>!<br></div><div class="battle-history"><small>It's super effective!</small><br></div><div class="battle-history"><small>(Tornadus lost 59% of its health!)</small><br></div><div class="spacer battle-history"><br></div><div class="battle-history">Tornadus used <strong>Heat Wave</strong>!<br></div><div class="battle-history"><small>It's super effective!</small><br></div><div class="battle-history"><small>(The opposing Iron Treads lost 63% of its health!)</small><br></div><div class="spacer battle-history"><br></div><h2 class="battle-history">Turn 9</h2><div class="chat"><small> mukmuk1 joined</small></div><div class="chat message-error">CDR Cucumber has 210 seconds left.</div><div class="spacer battle-history"><br></div><div class="battle-history">elementalassasin withdrew Iron Treads!<br></div><div class="battle-history">elementalassasin sent out <strong>Glaceon</strong>!<br></div><div class="spacer battle-history"><br></div><div class="battle-history">Tornadus, come back!<br></div><div class="battle-history">Go! <strong>Naclstack</strong>!<br></div><div class="spacer battle-history"><br></div><h2 class="battle-history">Turn 10</h2><div class="chat"><small> Crown oji joined</small></div><div class="spacer battle-history"><br></div><div class="battle-history">Naclstack used <strong>Protect</strong>!<br></div><div class="battle-history"><small>Naclstack protected itself!</small><br></div><div class="spacer battle-history"><br></div><div class="battle-history">The opposing Glaceon used <strong>Freeze-Dry</strong>!<br></div><div class="battle-history"><small>Naclstack protected itself!</small><br></div><div class="spacer battle-history"><br></div><h2 class="battle-history">Turn 11</h2><div class="chat message-error">CDR Cucumber has 180 seconds left.</div><div class="chat chatmessage-elementalassasin"><strong style="color:#9b7e41"><small>☆</small><span class="username" data-name="elementalassasin">elementalassasin</span>:</strong> <em>yo muk have you ever used tearlaments before</em></div><div class="spacer battle-history"><br></div><div class="battle-history">Naclstack, come back!<br></div><div class="battle-history">Go! <strong>Mienshao</strong>!<br></div><div class="spacer battle-history"><br></div><div class="battle-history">The opposing Glaceon used <strong>Freeze-Dry</strong>!<br></div><div class="battle-history"><small>(Mienshao lost 77% of its health!)</small><br></div><div class="spacer battle-history"><br></div><h2 class="battle-history">Turn 12</h2><div class="chat chatmessage-elementalassasin"><strong style="color:#9b7e41"><small>☆</small><span class="username" data-name="elementalassasin">elementalassasin</span>:</strong> <em>i cant get that deck to work</em></div><div class="chat message-error">CDR Cucumber has 150 seconds left.</div><div class="spacer battle-history"><br></div><div class="battle-history">Mienshao, come back!<br></div><div class="battle-history">Go! <strong>Tinkaton</strong>!<br></div><div class="battle-history">[Tinkaton's Mold Breaker]<br><small>Tinkaton breaks the mold!</small><br></div><div class="spacer battle-history"><br></div><div class="battle-history">elementalassasin withdrew Glaceon!<br></div><div class="battle-history">elementalassasin sent out <strong>Talonflame</strong>!<br></div><div class="spacer battle-history"><br></div><div class="battle-history"><small>Tinkaton restored a little HP using its Leftovers!</small><br></div><div class="spacer battle-history"><br></div><h2 class="battle-history">Turn 13</h2><div class="spacer battle-history"><br></div><div class="battle-history">Tinkaton used <strong>Fake Out</strong>!<br></div><div class="battle-history"><small>(The opposing Talonflame lost 7% of its health!)</small><br></div><div class="spacer battle-history"><br></div><div class="battle-history">The opposing Talonflame flinched and couldn't move!<br></div><div class="spacer battle-history"><br></div><div class="battle-history"><small>Tinkaton restored a little HP using its Leftovers!</small><br></div><div class="spacer battle-history"><br></div><h2 class="battle-history">Turn 14</h2><div class="chat message-error">CDR Cucumber has 150 seconds left.</div><div class="spacer battle-history"><br></div><div class="battle-history">Tinkaton, come back!<br></div><div class="battle-history">Go! <strong>Naclstack</strong>!<br></div><div class="spacer battle-history"><br></div><div class="battle-history">The opposing Talonflame used <strong>Tailwind</strong>!<br></div><div class="battle-history"><small>The Tailwind blew from behind the opposing team!</small><br></div><div class="spacer battle-history"><br></div><h2 class="battle-history">Turn 15</h2><div class="chat message-error">CDR Cucumber has 150 seconds left.</div><div class="spacer battle-history"><br></div><div class="battle-history">elementalassasin withdrew Talonflame!<br></div><div class="battle-history">elementalassasin sent out <strong>Glaceon</strong>!<br></div><div class="spacer battle-history"><br></div><div class="battle-history">Naclstack used <strong>Salt Cure</strong>!<br></div><div class="battle-history"><small>A critical hit!</small><br></div><div class="battle-history"><small>(The opposing Glaceon lost 13% of its health!)</small><br></div><div class="battle-history"><small>The opposing Glaceon is being salt cured!</small><br></div><div class="spacer battle-history"><br></div><div class="battle-history"><small>The opposing Glaceon is hurt by Salt Cure!</small><br></div><div class="spacer battle-history"><br></div><h2 class="battle-history">Turn 16</h2><div class="chat message-error">CDR Cucumber has 150 seconds left.</div><div class="spacer battle-history"><br></div><div class="battle-history">Naclstack used <strong>Protect</strong>!<br></div><div class="battle-history"><small>Naclstack protected itself!</small><br></div><div class="spacer battle-history"><br></div><div class="battle-history">The opposing Glaceon used <strong>Shadow Ball</strong>!<br></div><div class="battle-history"><small>Naclstack protected itself!</small><br></div><div class="spacer battle-history"><br></div><div class="battle-history"><small>The opposing Glaceon is hurt by Salt Cure!</small><br></div><div class="spacer battle-history"><br></div><h2 class="battle-history">Turn 17</h2><div class="chat chatmessage-mukmuk1"><strong style="color:#ce261d"><small> </small><span class="username" data-name="mukmuk1">mukmuk1</span>:</strong> <em>i never played it</em></div><div class="chat message-error">CDR Cucumber has 150 seconds left.</div><div class="spacer battle-history"><br></div><div class="battle-history">elementalassasin withdrew Glaceon!<br></div><div class="battle-history">elementalassasin sent out <strong>Porygon2</strong>!<br></div><div class="battle-history">[The opposing Porygon2's Trace]<br>[The opposing Porygon2's Purifying Salt]<br><small>The opposing Porygon2 traced Naclstack's Purifying Salt!</small><br></div><div class="spacer battle-history"><br></div><div class="battle-history">Naclstack used <strong>Stealth Rock</strong>!<br></div><div class="battle-history"><small>Pointed stones float in the air around the opposing team!</small><br></div><div class="spacer battle-history"><br></div><div class="battle-history"><small>The opposing team's Tailwind petered out!</small><br></div><div class="spacer battle-history"><br></div><h2 class="battle-history">Turn 18</h2><div class="chat message-error">CDR Cucumber has 150 seconds left.</div><div class="spacer battle-history"><br></div><div class="battle-history">Naclstack used <strong>Protect</strong>!<br></div><div class="battle-history"><small>Naclstack protected itself!</small><br></div><div class="spacer battle-history"><br></div><div class="battle-history">The opposing Porygon2 used <strong>Thunder Wave</strong>!<br></div><div class="battle-history"><small>Naclstack protected itself!</small><br></div><div class="spacer battle-history"><br></div><h2 class="battle-history">Turn 19</h2><div class="chat"><small> Contranaut joined</small></div><div class="spacer battle-history"><br></div><div class="battle-history">Naclstack, come back!<br></div><div class="battle-history">Go! carm (<strong>Ursaluna</strong>)!<br></div><div class="spacer battle-history"><br></div><div class="battle-history">The opposing Porygon2 used <strong>Thunder Wave</strong>!<br></div><div class="battle-history"><small>It doesn't affect carm...</small><br></div><div class="spacer battle-history"><br></div><div class="battle-history"><small>carm was burned!</small><br></div><div class="spacer battle-history"><br></div><h2 class="battle-history">Turn 20</h2><div class="chat"><small> Crown oji left</small></div><div class="chat message-error">CDR Cucumber has 120 seconds left.</div><div class="spacer battle-history"><br></div><div class="battle-history">The opposing Porygon2 used <strong>Ice Beam</strong>!<br></div><div class="battle-history"><small>It's super effective!</small><br></div><div class="battle-history"><small>(carm lost 43% of its health!)</small><br></div><div class="spacer battle-history"><br></div><div class="battle-history">carm used <strong>Earthquake</strong>!<br></div><div class="battle-history"><small>(The opposing Porygon2 lost 49% of its health!)</small><br></div><div class="spacer battle-history"><br></div><div class="battle-history"><small>carm was hurt by its burn!</small><br></div><div class="spacer battle-history"><br></div><h2 class="battle-history">Turn 21</h2><div class="chat"><small> mukmuk1 left</small></div><div class="chat message-error">CDR Cucumber has 90 seconds left.</div><div class="chat message-error">CDR Cucumber has 60 seconds left.</div><div class="spacer battle-history"><br></div><div class="battle-history">carm, come back!<br></div><div class="battle-history">Go! <strong>Tinkaton</strong>!<br></div><div class="battle-history">[Tinkaton's Mold Breaker]<br><small>Tinkaton breaks the mold!</small><br></div><div class="spacer battle-history"><br></div><div class="battle-history">The opposing Porygon2 used <strong>Ice Beam</strong>!<br></div><div class="battle-history"><small>It's not very effective...</small><br></div><div class="battle-history"><small>(Tinkaton lost 8% of its health!)</small><br></div><div class="spacer battle-history"><br></div><div class="battle-history"><small>Tinkaton restored a little HP using its Leftovers!</small><br></div><div class="spacer battle-history"><br></div><h2 class="battle-history">Turn 22</h2><div class="spacer battle-history"><br></div><div class="battle-history">Tinkaton used <strong>Knock Off</strong>!<br></div><div class="battle-history"><small>(The opposing Porygon2 lost 10% of its health!)</small><br></div><div class="battle-history"><small>Tinkaton knocked off the opposing Porygon2's Eviolite!</small><br></div><div class="spacer battle-history"><br></div><div class="battle-history">The opposing Porygon2 used <strong>Recover</strong>!<br></div><div class="battle-history"><small>The opposing Porygon2 had its HP restored.</small><br></div><div class="spacer battle-history"><br></div><div class="battle-history"><small>Tinkaton restored a little HP using its Leftovers!</small><br></div><div class="spacer battle-history"><br></div><h2 class="battle-history">Turn 23</h2><div class="spacer battle-history"><br></div><div class="battle-history">Tinkaton used <strong>Thunder Wave</strong>!<br></div><div class="battle-history"><small>The opposing Porygon2 is paralyzed! It may be unable to move!</small><br></div><div class="spacer battle-history"><br></div><div class="battle-history">The opposing Porygon2 used <strong>Thunder Wave</strong>!<br></div><div class="battle-history"><small>Tinkaton is paralyzed! It may be unable to move!</small><br></div><div class="spacer battle-history"><br></div><div class="battle-history"><small>Tinkaton restored a little HP using its Leftovers!</small><br></div><div class="spacer battle-history"><br></div><h2 class="battle-history">Turn 24</h2><div class="spacer battle-history"><br></div><div class="battle-history">elementalassasin withdrew Porygon2!<br></div><div class="battle-history">elementalassasin sent out <strong>Talonflame</strong>!<br></div><div class="spacer battle-history"><br></div><div class="battle-history">Tinkaton used <strong>Brick Break</strong>!<br></div><div class="battle-history"><small>It's not very effective...</small><br></div><div class="battle-history"><small>(The opposing Talonflame lost 8% of its health!)</small><br></div><div class="spacer battle-history"><br></div><div class="battle-history"><small>Tinkaton restored a little HP using its Leftovers!</small><br></div><div class="spacer battle-history"><br></div><h2 class="battle-history">Turn 25</h2><div class="spacer battle-history"><br></div><div class="battle-history">The opposing Talonflame used <strong>Defog</strong>!<br></div><div class="battle-history"><small>Tinkaton's evasiveness fell!</small><br></div><div class="battle-history"><small>The pointed stones disappeared from around the opposing team!</small><br></div><div class="spacer battle-history"><br></div><div class="battle-history">Tinkaton used <strong>Knock Off</strong>!<br></div><div class="battle-history"><small>(The opposing Talonflame lost 17% of its health!)</small><br></div><div class="battle-history"><small>Tinkaton knocked off the opposing Talonflame's Heavy-Duty Boots!</small><br></div><div class="spacer battle-history"><br></div><div class="battle-history"><small>Tinkaton restored a little HP using its Leftovers!</small><br></div><div class="spacer battle-history"><br></div><h2 class="battle-history">Turn 26</h2><div class="spacer battle-history"><br></div><div class="battle-history">elementalassasin withdrew Talonflame!<br></div><div class="battle-history">elementalassasin sent out <strong>Tapu Fini</strong>!<br></div><div class="battle-history">[The opposing Tapu Fini's Misty Surge]<br><small>Mist swirled around the battlefield!</small><br></div><div class="spacer battle-history"><br></div><div class="battle-history">Tinkaton, come back!<br></div><div class="battle-history">Go! <strong>Naclstack</strong>!<br></div><div class="spacer battle-history"><br></div><div class="battle-history"><small>The opposing Tapu Fini restored a little HP using its Leftovers!</small><br></div><div class="spacer battle-history"><br></div><h2 class="battle-history">Turn 27</h2><div class="spacer battle-history"><br></div><div class="battle-history">elementalassasin withdrew Tapu Fini!<br></div><div class="battle-history">elementalassasin sent out <strong>Porygon2</strong>!<br></div><div class="battle-history">[The opposing Porygon2's Trace]<br>[The opposing Porygon2's Purifying Salt]<br><small>The opposing Porygon2 traced Naclstack's Purifying Salt!</small><br></div><div class="spacer battle-history"><br></div><div class="battle-history">Naclstack used <strong>Salt Cure</strong>!<br></div><div class="battle-history"><small>(The opposing Porygon2 lost 8% of its health!)</small><br></div><div class="battle-history"><small>The opposing Porygon2 is being salt cured!</small><br></div><div class="spacer battle-history"><br></div><div class="battle-history"><small>The opposing Porygon2 is hurt by Salt Cure!</small><br></div><div class="spacer battle-history"><br></div><h2 class="battle-history">Turn 28</h2><div class="chat message-error">CDR Cucumber has 60 seconds left.</div><div class="spacer battle-history"><br></div><div class="battle-history">Naclstack used <strong>Protect</strong>!<br></div><div class="battle-history"><small>Naclstack protected itself!</small><br></div><div class="spacer battle-history"><br></div><div class="battle-history">The opposing Porygon2 used <strong>Recover</strong>!<br></div><div class="battle-history"><small>The opposing Porygon2 had its HP restored.</small><br></div><div class="spacer battle-history"><br></div><div class="battle-history"><small>The opposing Porygon2 is hurt by Salt Cure!</small><br></div><div class="spacer battle-history"><br></div><h2 class="battle-history">Turn 29</h2><div class="spacer battle-history"><br></div><div class="battle-history">Naclstack used <strong>Stealth Rock</strong>!<br></div><div class="battle-history"><small>Pointed stones float in the air around the opposing team!</small><br></div><div class="spacer battle-history"><br></div><div class="battle-history">The opposing Porygon2 is paralyzed! It can't move!<br></div><div class="spacer battle-history"><br></div><div class="battle-history"><small>The opposing Porygon2 is hurt by Salt Cure!</small><br></div><div class="spacer battle-history"><br></div><h2 class="battle-history">Turn 30</h2><div class="spacer battle-history"><br></div><div class="battle-history">elementalassasin withdrew Porygon2!<br></div><div class="battle-history">elementalassasin sent out <strong>Talonflame</strong>!<br></div><div class="battle-history"><small>Pointed stones dug into the opposing Talonflame!</small><br></div><div class="spacer battle-history"><br></div><div class="battle-history">Naclstack used <strong>Stealth Rock</strong>!<br></div><div class="battle-history"><small>But it failed!</small><br></div><div class="spacer battle-history"><br></div><div class="battle-history"><small>The mist disappeared from the battlefield.</small><br></div><div class="spacer battle-history"><br></div><h2 class="battle-history">Turn 31</h2><div class="spacer battle-history"><br></div><div class="battle-history">The opposing Talonflame used <strong>Defog</strong>!<br></div><div class="battle-history"><small>Naclstack's evasiveness fell!</small><br></div><div class="battle-history"><small>The pointed stones disappeared from around the opposing team!</small><br></div><div class="spacer battle-history"><br></div><div class="battle-history">Naclstack used <strong>Salt Cure</strong>!<br></div><div class="battle-history"><small>It's super effective!</small><br></div><div class="battle-history"><small>(The opposing Talonflame lost 18% of its health!)</small><br></div><div class="spacer battle-history"><br></div><div class="battle-history">The opposing Talonflame fainted!<br></div><div class="spacer battle-history"><br></div><div class="battle-history">elementalassasin sent out <strong>Glaceon</strong>!<br></div><div class="spacer battle-history"><br></div><h2 class="battle-history">Turn 32</h2><div class="spacer battle-history"><br></div><div class="battle-history">Naclstack used <strong>Protect</strong>!<br></div><div class="battle-history"><small>Naclstack protected itself!</small><br></div><div class="spacer battle-history"><br></div><div class="battle-history">The opposing Glaceon used <strong>Wish</strong>!<br></div><div class="spacer battle-history"><br></div><h2 class="battle-history">Turn 33</h2><div class="spacer battle-history"><br></div><div class="battle-history">elementalassasin withdrew Glaceon!<br></div><div class="battle-history">elementalassasin sent out <strong>Tapu Fini</strong>!<br></div><div class="battle-history">[The opposing Tapu Fini's Misty Surge]<br><small>Mist swirled around the battlefield!</small><br></div><div class="spacer battle-history"><br></div><div class="battle-history">Naclstack used <strong>Stealth Rock</strong>!<br></div><div class="battle-history"><small>Pointed stones float in the air around the opposing team!</small><br></div><div class="spacer battle-history"><br></div><div class="battle-history"><small>Glaceon's wish came true!</small><br></div><div class="spacer battle-history"><br></div><h2 class="battle-history">Turn 34</h2><div class="spacer battle-history"><br></div><div class="battle-history">The opposing Tapu Fini used <strong>Calm Mind</strong>!<br></div><div class="battle-history"><small>The opposing Tapu Fini's Sp. Atk rose!</small><br></div><div class="battle-history"><small>The opposing Tapu Fini's Sp. Def rose!</small><br></div><div class="spacer battle-history"><br></div><div class="battle-history">Naclstack used <strong>Salt Cure</strong>!<br></div><div class="battle-history"><small>(The opposing Tapu Fini lost 6% of its health!)</small><br></div><div class="battle-history"><small>The opposing Tapu Fini is being salt cured!</small><br></div><div class="spacer battle-history"><br></div><div class="battle-history"><small>The opposing Tapu Fini restored a little HP using its Leftovers!</small><br></div><div class="battle-history"><small>The opposing Tapu Fini is hurt by Salt Cure!</small><br></div><div class="spacer battle-history"><br></div><h2 class="battle-history">Turn 35</h2><div class="chat message-error">CDR Cucumber has 90 seconds left.</div><div class="chat message-error">elementalassasin has 270 seconds left.</div><div class="spacer battle-history"><br></div><div class="battle-history">Naclstack, come back!<br></div><div class="battle-history">Go! <strong>Tinkaton</strong>!<br></div><div class="battle-history">[Tinkaton's Mold Breaker]<br><small>Tinkaton breaks the mold!</small><br></div><div class="spacer battle-history"><br></div><div class="battle-history">The opposing Tapu Fini used <strong>Calm Mind</strong>!<br></div><div class="battle-history"><small>The opposing Tapu Fini's Sp. Atk rose!</small><br></div><div class="battle-history"><small>The opposing Tapu Fini's Sp. Def rose!</small><br></div><div class="spacer battle-history"><br></div><div class="battle-history"><small>The opposing Tapu Fini restored a little HP using its Leftovers!</small><br></div><div class="battle-history"><small>The opposing Tapu Fini is hurt by Salt Cure!</small><br></div><div class="spacer battle-history"><br></div><h2 class="battle-history">Turn 36</h2><div class="spacer battle-history"><br></div><div class="battle-history">Tinkaton is paralyzed! It can't move!<br></div><div class="spacer battle-history"><br></div><div class="battle-history">The opposing Tapu Fini used <strong>Scald</strong>!<br></div><div class="battle-history"><small>(Tinkaton lost 37% of its health!)</small><br></div><div class="spacer battle-history"><br></div><div class="battle-history"><small>The opposing Tapu Fini restored a little HP using its Leftovers!</small><br></div><div class="battle-history"><small>Tinkaton restored a little HP using its Leftovers!</small><br></div><div class="battle-history"><small>The opposing Tapu Fini is hurt by Salt Cure!</small><br></div><div class="spacer battle-history"><br></div><h2 class="battle-history">Turn 37</h2><div class="spacer battle-history"><br></div><div class="battle-history">elementalassasin withdrew Tapu Fini!<br></div><div class="battle-history">elementalassasin sent out <strong>Iron Treads</strong>!<br></div><div class="battle-history"><small>Pointed stones dug into the opposing Iron Treads!</small><br></div><div class="spacer battle-history"><br></div><div class="battle-history">Tinkaton used <strong>Knock Off</strong>!<br></div><div class="battle-history"><small>(The opposing Iron Treads lost 10% of its health!)</small><br></div><div class="spacer battle-history"><br></div><div class="battle-history"><small>Tinkaton restored a little HP using its Leftovers!</small><br></div><div class="battle-history"><small>The mist disappeared from the battlefield.</small><br></div><div class="spacer battle-history"><br></div><h2 class="battle-history">Turn 38</h2><div class="spacer battle-history"><br></div><div class="battle-history">Tinkaton, come back!<br></div><div class="battle-history">Go! <strong>Naclstack</strong>!<br></div><div class="spacer battle-history"><br></div><div class="battle-history">The opposing Iron Treads used <strong>Rapid Spin</strong>!<br></div><div class="battle-history"><small>(Naclstack lost 8% of its health!)</small><br></div><div class="battle-history"><small>The opposing Iron Treads's Speed rose!</small><br></div><div class="battle-history"><small>The pointed stones disappeared from around the opposing team!</small><br></div><div class="spacer battle-history"><br></div><h2 class="battle-history">Turn 39</h2><div class="spacer battle-history"><br></div><div class="battle-history">The opposing Iron Treads used <strong>Stealth Rock</strong>!<br></div><div class="battle-history"><small>Pointed stones float in the air around your team!</small><br></div><div class="spacer battle-history"><br></div><div class="battle-history">Naclstack used <strong>Salt Cure</strong>!<br></div><div class="battle-history"><small>It's not very effective...</small><br></div><div class="battle-history"><small>(The opposing Iron Treads lost 2% of its health!)</small><br></div><div class="battle-history"><small>The opposing Iron Treads is being salt cured!</small><br></div><div class="spacer battle-history"><br></div><div class="battle-history"><small>The opposing Iron Treads is hurt by Salt Cure!</small><br></div><div class="spacer battle-history"><br></div><div class="battle-history">The opposing Iron Treads fainted!<br></div><div class="spacer battle-history"><br></div><div class="battle-history">elementalassasin sent out <strong>Raging Bolt</strong>!<br></div><div class="battle-history"><small>(The opposing Raging Bolt used its Booster Energy!)</small><br></div><div class="battle-history">[The opposing Raging Bolt's Protosynthesis]<br><small>The opposing Raging Bolt used its Booster Energy to activate Protosynthesis!</small><br></div><div class="battle-history"><small>The opposing Raging Bolt's Sp. Atk was heightened!</small><br></div><div class="spacer battle-history"><br></div><h2 class="battle-history">Turn 40</h2><div class="chat message-error">CDR Cucumber has 60 seconds left.</div><div class="spacer battle-history"><br></div><div class="battle-history">Naclstack used <strong>Protect</strong>!<br></div><div class="battle-history"><small>Naclstack protected itself!</small><br></div><div class="spacer battle-history"><br></div><div class="battle-history">The opposing Raging Bolt used <strong>Calm Mind</strong>!<br></div><div class="battle-history"><small>The opposing Raging Bolt's Sp. Atk rose!</small><br></div><div class="battle-history"><small>The opposing Raging Bolt's Sp. Def rose!</small><br></div><div class="spacer battle-history"><br></div><h2 class="battle-history">Turn 41</h2><div class="chat message-error">CDR Cucumber has 60 seconds left.</div><div class="spacer battle-history"><br></div><div class="battle-history">Naclstack, come back!<br></div><div class="battle-history">Go! carm (<strong>Ursaluna</strong>)!<br></div><div class="battle-history"><small>Pointed stones dug into carm!</small><br></div><div class="spacer battle-history"><br></div><div class="battle-history">The opposing Raging Bolt used <strong>Calm Mind</strong>!<br></div><div class="battle-history"><small>The opposing Raging Bolt's Sp. Atk rose!</small><br></div><div class="battle-history"><small>The opposing Raging Bolt's Sp. Def rose!</small><br></div><div class="spacer battle-history"><br></div><div class="battle-history"><small>carm was hurt by its burn!</small><br></div><div class="spacer battle-history"><br></div><h2 class="battle-history">Turn 42</h2><div class="chat message-error">CDR Cucumber has 60 seconds left.</div><div class="spacer battle-history"><br></div><div class="battle-history">The opposing Raging Bolt used <strong>Dragon Pulse</strong>!<br></div><div class="battle-history"><small>(carm lost 39% of its health!)</small><br></div><div class="spacer battle-history"><br></div><div class="battle-history">carm fainted!<br></div><div class="spacer battle-history"><br></div><div class="battle-history">Go! <strong>Mienshao</strong>!<br></div><div class="battle-history"><small>Pointed stones dug into Mienshao!</small><br></div><div class="spacer battle-history"><br></div><h2 class="battle-history">Turn 43</h2><div class="spacer battle-history"><br></div><div class="battle-history">Mienshao used <strong>Fake Out</strong>!<br></div><div class="battle-history"><small>(The opposing Raging Bolt lost 12% of its health!)</small><br></div><div class="spacer battle-history"><br></div><div class="battle-history">The opposing Raging Bolt flinched and couldn't move!<br></div><div class="spacer battle-history"><br></div><h2 class="battle-history">Turn 44</h2><div class="chat message-error">CDR Cucumber has 30 seconds left.</div><div class="spacer battle-history"><br></div><div class="battle-history">Mienshao used <strong>Close Combat</strong>!<br></div><div class="battle-history"><small>(The opposing Raging Bolt lost 54% of its health!)</small><br></div><div class="battle-history"><small>Mienshao's Defense fell!</small><br></div><div class="battle-history"><small>Mienshao's Sp. Def fell!</small><br></div><div class="spacer battle-history"><br></div><div class="battle-history">The opposing Raging Bolt used <strong>Dragon Pulse</strong>!<br></div><div class="battle-history"><small>(Mienshao lost 50% of its health!)</small><br></div><div class="spacer battle-history"><br></div><div class="battle-history">Mienshao fainted!<br></div><div class="chat message-error">CDR Cucumber has 30 seconds left.</div><div class="spacer battle-history"><br></div><div class="battle-history">Go! <strong>Gallade</strong>!<br></div><div class="battle-history"><small>Pointed stones dug into Gallade!</small><br></div><div class="spacer battle-history"><br></div><h2 class="battle-history">Turn 45</h2><div class="chat message-error">CDR Cucumber has 30 seconds left.</div><div class="spacer battle-history"><br></div><div class="battle-history"><small>Gallade's Galladite is reacting to the Key Stone!</small><br>Gallade has Mega Evolved into Mega Gallade!<br></div><div class="spacer battle-history"><br></div><div class="battle-history">The opposing Raging Bolt used <strong>Thunderclap</strong>!<br></div><div class="battle-history"><small>(Gallade lost 94% of its health!)</small><br></div><div class="spacer battle-history"><br></div><div class="battle-history">Gallade fainted!<br></div><div class="chat message-error">CDR Cucumber has 30 seconds left.</div><div class="spacer battle-history"><br></div><div class="battle-history">Go! <strong>Tinkaton</strong>!<br></div><div class="battle-history"><small>Pointed stones dug into Tinkaton!</small><br></div><div class="battle-history">[Tinkaton's Mold Breaker]<br><small>Tinkaton breaks the mold!</small><br></div><div class="spacer battle-history"><br></div><h2 class="battle-history">Turn 46</h2><div class="spacer battle-history"><br></div><div class="battle-history">Tinkaton used <strong>Fake Out</strong>!<br></div><div class="battle-history"><small>(The opposing Raging Bolt lost 6% of its health!)</small><br></div><div class="spacer battle-history"><br></div><div class="battle-history">The opposing Raging Bolt flinched and couldn't move!<br></div><div class="spacer battle-history"><br></div><div class="battle-history"><small>Tinkaton restored a little HP using its Leftovers!</small><br></div><div class="spacer battle-history"><br></div><h2 class="battle-history">Turn 47</h2><div class="chat message-error">CDR Cucumber has 30 seconds left.</div><div class="spacer battle-history"><br></div><div class="battle-history">The opposing Raging Bolt used <strong>Thunderclap</strong>!<br></div><div class="battle-history"><small>(Tinkaton lost 70% of its health!)</small><br></div><div class="spacer battle-history"><br></div><div class="battle-history">Tinkaton is paralyzed! It can't move!<br></div><div class="spacer battle-history"><br></div><div class="battle-history"><small>Tinkaton restored a little HP using its Leftovers!</small><br></div><div class="spacer battle-history"><br></div><h2 class="battle-history">Turn 48</h2><div class="chat message-error">CDR Cucumber has 30 seconds left.</div><div class="spacer battle-history"><br></div><div class="battle-history">The opposing Raging Bolt used <strong>Thunderclap</strong>!<br></div><div class="battle-history"><small>(Tinkaton lost 11% of its health!)</small><br></div><div class="spacer battle-history"><br></div><div class="battle-history">Tinkaton fainted!<br></div><div class="chat message-error">CDR Cucumber has 30 seconds left.</div><div class="spacer battle-history"><br></div><div class="battle-history">Go! <strong>Naclstack</strong>!<br></div><div class="battle-history"><small>Pointed stones dug into Naclstack!</small><br></div><div class="spacer battle-history"><br></div><h2 class="battle-history">Turn 49</h2><div class="spacer battle-history"><br></div><div class="battle-history">The opposing Raging Bolt used <strong>Thunderclap</strong>!<br></div><div class="battle-history"><small>It's super effective!</small><br></div><div class="battle-history"><small>(Naclstack lost 80% of its health!)</small><br></div><div class="spacer battle-history"><br></div><div class="battle-history">Naclstack fainted!<br></div><div class="spacer battle-history"><br></div><div class="battle-history">Go! Tornadus (<strong>Tornadus-Therian</strong>)!<br></div><div class="spacer battle-history"><br></div><h2 class="battle-history">Turn 50</h2><div class="spacer battle-history"><br></div><div class="battle-history">The opposing Raging Bolt used <strong>Thunderclap</strong>!<br></div><div class="battle-history"><small>It's super effective!</small><br></div><div class="battle-history"><small>(Tornadus lost 58% of its health!)</small><br></div><div class="spacer battle-history"><br></div><div class="battle-history">Tornadus fainted!<br></div><div class="spacer battle-history"><br></div><div class="battle-history"><strong>elementalassasin</strong> won the battle!<br></div><div class="chat chatmessage-cdrcucumber"><strong style="color:#109874"><small>☆</small><span class="username" data-name="CDR Cucumber">CDR Cucumber</span>:</strong> <em>gg</em></div><div class="chat chatmessage-elementalassasin"><strong style="color:#9b7e41"><small>☆</small><span class="username" data-name="elementalassasin">elementalassasin</span>:</strong> <em>gg</em></div><div class="chat chatmessage-prime13576"><strong style="color:#0bb7b2"><small> </small><span class="username" data-name="Prime13576">Prime13576</span>:</strong> <em>gg</em></div><div class="chat chatmessage-elementalassasin"><strong style="color:#9b7e41"><small>☆</small><span class="username" data-name="elementalassasin">elementalassasin</span>:</strong> <em>i was</em></div><div class="chat chatmessage-elementalassasin"><strong style="color:#9b7e41"><small>☆</small><span class="username" data-name="elementalassasin">elementalassasin</span>:</strong> <em>so scared of</em></div><div class="chat chatmessage-elementalassasin"><strong style="color:#9b7e41"><small>☆</small><span class="username" data-name="elementalassasin">elementalassasin</span>:</strong> <em>eiscue</em></div><div class="chat chatmessage-elementalassasin"><strong style="color:#9b7e41"><small>☆</small><span class="username" data-name="elementalassasin">elementalassasin</span>:</strong> <em>so i didnt bring urshifu</em></div><div class="chat chatmessage-elementalassasin"><strong style="color:#9b7e41"><small>☆</small><span class="username" data-name="elementalassasin">elementalassasin</span>:</strong> <em>xd</em></div><div class="chat"><small> Prime13576 and  DoctaShockFan left</small></div><div class="chat chatmessage-cdrcucumber"><strong style="color:#109874"><small>☆</small><span class="username" data-name="CDR Cucumber">CDR Cucumber</span>:</strong> <em>we did underestimate bolt severly</em></div><div class="chat chatmessage-cdrcucumber"><strong style="color:#109874"><small>☆</small><span class="username" data-name="CDR Cucumber">CDR Cucumber</span>:</strong> <em>glaceon was scaring us early</em></div><div class="chat chatmessage-elementalassasin"><strong style="color:#9b7e41"><small>☆</small><span class="username" data-name="elementalassasin">elementalassasin</span>:</strong> <em>yea even at +1 its really scary</em></div><div class="chat chatmessage-elementalassasin"><strong style="color:#9b7e41"><small>☆</small><span class="username" data-name="elementalassasin">elementalassasin</span>:</strong> <em>yea i wanted to use glaceon as chip</em></div><div class="chat chatmessage-elementalassasin"><strong style="color:#9b7e41"><small>☆</small><span class="username" data-name="elementalassasin">elementalassasin</span>:</strong> <em>to later set up a sweep</em></div><div class="chat chatmessage-elementalassasin"><strong style="color:#9b7e41"><small>☆</small><span class="username" data-name="elementalassasin">elementalassasin</span>:</strong> <em>but nacl just walled it so hard</em></div><div class="chat chatmessage-elementalassasin"><strong style="color:#9b7e41"><small>☆</small><span class="username" data-name="elementalassasin">elementalassasin</span>:</strong> <em>with protect xd</em></div><div class="chat chatmessage-cdrcucumber"><strong style="color:#109874"><small>☆</small><span class="username" data-name="CDR Cucumber">CDR Cucumber</span>:</strong> <em>it took us a sec to realize specs</em></div><div class="chat chatmessage-elementalassasin"><strong style="color:#9b7e41"><small>☆</small><span class="username" data-name="elementalassasin">elementalassasin</span>:</strong> <em>also did not realize tinkaton gets fake out</em></div><div class="chat chatmessage-elementalassasin"><strong style="color:#9b7e41"><small>☆</small><span class="username" data-name="elementalassasin">elementalassasin</span>:</strong> <em>just learned that today lol</em></div><div class="chat"><small> Contranaut and ☆elementalassasin left</small></div><div class="chat"><small>☆elementalassasin joined</small></div><div class="chat"><small>☆elementalassasin left</small></div><div class="chat"><small>☆CDR Cucumber left</small></div></div><div class="inner-preempt message-log"></div></div></div>
</div>
<script>
let daily = Math.floor(Date.now()/1000/60/60/24);document.write('<script src="https://play.pokemonshowdown.com/js/replay-embed.js?version'+daily+'"></'+'script>');
</script>
