<!DOCTYPE html>
<meta charset="utf-8" />
<!-- version 1 -->
<title>[Gen 9] NatDex Draft replay: TheRealMuney vs. Phantom0rion</title>
<style>
html,body {font-family:Verdana, sans-serif;font-size:10pt;margin:0;padding:0;}body{padding:12px 0;} .battle-log {font-family:Verdana, sans-serif;font-size:10pt;} .battle-log-inline {border:1px solid #AAAAAA;background:#EEF2F5;color:black;max-width:640px;margin:0 auto 80px;padding-bottom:5px;} .battle-log .inner {padding:4px 8px 0px 8px;} .battle-log .inner-preempt {padding:0 8px 4px 8px;} .battle-log .inner-after {margin-top:0.5em;} .battle-log h2 {margin:0.5em -8px;padding:4px 8px;border:1px solid #AAAAAA;background:#E0E7EA;border-left:0;border-right:0;font-family:Verdana, sans-serif;font-size:13pt;} .battle-log .chat {vertical-align:middle;padding:3px 0 3px 0;font-size:8pt;} .battle-log .chat strong {color:#40576A;} .battle-log .chat em {padding:1px 4px 1px 3px;color:#000000;font-style:normal;} .chat.mine {background:rgba(0,0,0,0.05);margin-left:-8px;margin-right:-8px;padding-left:8px;padding-right:8px;} .spoiler {color:#BBBBBB;background:#BBBBBB;padding:0px 3px;} .spoiler:hover, .spoiler:active, .spoiler-shown {color:#000000;background:#E2E2E2;padding:0px 3px;} .spoiler a {color:#BBBBBB;} .spoiler:hover a, .spoiler:active a, .spoiler-shown a {color:#2288CC;} .chat code, .chat .spoiler:hover code, .chat .spoiler:active code, .chat .spoiler-shown code {border:1px solid #C0C0C0;background:#EEEEEE;color:black;padding:0 2px;} .chat .spoiler code {border:1px solid #CCCCCC;background:#CCCCCC;color:#CCCCCC;} .battle-log .rated {padding:3px 4px;} .battle-log .rated strong {color:white;background:#89A;padding:1px 4px;border-radius:4px;} .spacer {margin-top:0.5em;} .message-announce {background:#6688AA;color:white;padding:1px 4px 2px;} .message-announce a, .broadcast-green a, .broadcast-blue a, .broadcast-red a {color:#DDEEFF;} .broadcast-green {background-color:#559955;color:white;padding:2px 4px;} .broadcast-blue {background-color:#6688AA;color:white;padding:2px 4px;} .infobox {border:1px solid #6688AA;padding:2px 4px;} .infobox-limited {max-height:200px;overflow:auto;overflow-x:hidden;} .broadcast-red {background-color:#AA5544;color:white;padding:2px 4px;} .message-learn-canlearn {font-weight:bold;color:#228822;text-decoration:underline;} .message-learn-cannotlearn {font-weight:bold;color:#CC2222;text-decoration:underline;} .message-effect-weak {font-weight:bold;color:#CC2222;} .message-effect-resist {font-weight:bold;color:#6688AA;} .message-effect-immune {font-weight:bold;color:#666666;} .message-learn-list {margin-top:0;margin-bottom:0;} .message-throttle-notice, .message-error {color:#992222;} .message-overflow, .chat small.message-overflow {font-size:0pt;} .message-overflow::before {font-size:9pt;content:'...';} .subtle {color:#3A4A66;}
</style>
<div class="wrapper replay-wrapper" style="max-width:1180px;margin:0 auto">
<input type="hidden" name="replayid" value="gen9natdexdraft-2608347129" />
<div class="battle"></div><div class="battle-log"></div><div class="replay-controls"></div><div class="replay-controls-2"></div>
<h1 style="font-weight:normal;text-align:center"><strong>[Gen 9] NatDex Draft</strong><br /><a href="http://pokemonshowdown.com/users/therealmuney" class="subtle" target="_blank">TheRealMuney</a> vs. <a href="http://pokemonshowdown.com/users/phantom0rion" class="subtle" target="_blank">Phantom0rion</a></h1>
<script type="text/plain" class="battle-log-data">
|j|☆TheRealMuney
|j|☆Phantom0rion
|t:|1778630662
|gametype|singles
|player|p1|TheRealMuney|n|
|player|p2|Phantom0rion|palmer|
|gen|9
|tier|[Gen 9] NatDex Draft
|rule|Tera Type Preview: Tera Types are shown at Team Preview
|rule|Sleep Clause Mod: Limit one foe put to sleep
|rule|OHKO Clause: OHKO moves are banned
|rule|Evasion Clause: Evasion abilities, items, and moves are banned
|rule|Evasion Abilities Clause: Evasion abilities are banned
|rule|Evasion Items Clause: Evasion items are banned
|rule|Evasion Moves Clause: Evasion moves are banned
|rule|Endless Battle Clause: Forcing endless battles is banned
|rule|HP Percentage Mod: HP is shown in percentages
|raw|<div class="infobox"><details class="readmore" open><summary><strong>1 custom rule:<\/strong><\/summary> Tera Type Preview<\/details><\/div>
|clearpoke
|poke|p1|Typhlosion-Hisui, M|
|poke|p1|Togekiss, F|
|poke|p1|Toxapex, F|
|poke|p1|Quagsire, F|
|poke|p1|Registeel|
|poke|p1|Tapu Bulu|
|poke|p2|Magcargo, F|
|poke|p2|Nidoking, M|
|poke|p2|Mesprit|
|poke|p2|Umbreon, F|
|poke|p2|Cobalion|
|poke|p2|Brambleghast, F|
|raw|TheRealMuney's Tera Types:<br \/><psicon pokemon="typhlosionhisui" \/><psicon type="Fire" \/> \/ <psicon pokemon="togekiss" \/><psicon type="Fairy" \/> \/ <psicon pokemon="toxapex" \/><psicon type="Poison" \/> \/ <psicon pokemon="quagsire" \/><psicon type="Water" \/> \/ <psicon pokemon="registeel" \/><psicon type="Steel" \/> \/ <psicon pokemon="tapubulu" \/><psicon type="Steel" \/>
|raw|Phantom0rion's Tera Types:<br \/><psicon pokemon="magcargo" \/><psicon type="Grass" \/> \/ <psicon pokemon="nidoking" \/><psicon type="Poison" \/> \/ <psicon pokemon="mesprit" \/><psicon type="Poison" \/> \/ <psicon pokemon="umbreon" \/><psicon type="Dark" \/> \/ <psicon pokemon="cobalion" \/><psicon type="Ghost" \/> \/ <psicon pokemon="brambleghast" \/><psicon type="Grass" \/>
|teampreview
|inactive|Battle timer is ON: inactive players will automatically lose when time's up. (requested by Phantom0rion)
|inactiveoff|Battle timer is now OFF.
|c|☆Phantom0rion|glhf gamer
|c|☆TheRealMuney|u2u2
|j| DoctaShock
|j| 25Days
|j| serendipidu
|l| 25Days
|j| kaui
|l| kaui
|j| kaui
|j| ChillerFrost
|c| kaui|wiwiwi
|
|t:|1778630784
|teamsize|p1|6
|teamsize|p2|6
|start
|switch|p1a: Toxapex|Toxapex, F|100\/100
|switch|p2a: Cobalion|Cobalion|100\/100
|turn|1
|l| ChillerFrost
|
|t:|1778630799
|move|p2a: Cobalion|Stealth Rock|p1a: Toxapex
|-sidestart|p1: TheRealMuney|move: Stealth Rock
|move|p1a: Toxapex|Infestation|p2a: Cobalion
|-resisted|p2a: Cobalion
|-damage|p2a: Cobalion|99\/100
|-activate|p2a: Cobalion|move: Infestation|[of] p1a: Toxapex
|-damage|p1a: Toxapex|84\/100|[from] item: Rocky Helmet|[of] p2a: Cobalion
|
|-heal|p1a: Toxapex|90\/100|[from] item: Black Sludge
|-damage|p2a: Cobalion|87\/100|[from] move: Infestation|[partiallytrapped]
|upkeep
|turn|2
|
|t:|1778630815
|move|p2a: Cobalion|Volt Switch|p1a: Toxapex
|-supereffective|p1a: Toxapex
|-crit|p1a: Toxapex
|-damage|p1a: Toxapex|61\/100
|
|t:|1778630848
|switch|p2a: Brambleghast|Brambleghast, F|100\/100|[from] Volt Switch
|move|p1a: Toxapex|Knock Off|p2a: Brambleghast
|-supereffective|p2a: Brambleghast
|-damage|p2a: Brambleghast|63\/100
|-damage|p1a: Toxapex|44\/100|[from] item: Rocky Helmet|[of] p2a: Brambleghast
|-enditem|p2a: Brambleghast|Rocky Helmet|[from] move: Knock Off|[of] p1a: Toxapex
|
|-heal|p1a: Toxapex|50\/100|[from] item: Black Sludge
|upkeep
|turn|3
|
|t:|1778630890
|switch|p1a: Tapu Bulu|Tapu Bulu|100\/100
|-damage|p1a: Tapu Bulu|88\/100|[from] Stealth Rock
|-fieldstart|move: Grassy Terrain|[from] ability: Grassy Surge|[of] p1a: Tapu Bulu
|move|p2a: Brambleghast|Substitute|p2a: Brambleghast
|-start|p2a: Brambleghast|Substitute
|-damage|p2a: Brambleghast|38\/100
|
|-heal|p2a: Brambleghast|44\/100|[from] Grassy Terrain
|-heal|p1a: Tapu Bulu|94\/100|[from] Grassy Terrain
|upkeep
|turn|4
|j| ChillerFrost
|
|t:|1778630899
|move|p2a: Brambleghast|Strength Sap|p1a: Tapu Bulu
|-unboost|p1a: Tapu Bulu|atk|1
|-heal|p2a: Brambleghast|100\/100
|move|p1a: Tapu Bulu|High Horsepower|p2a: Brambleghast
|-resisted|p2a: Brambleghast
|-activate|p2a: Brambleghast|move: Substitute|[damage]
|
|-heal|p1a: Tapu Bulu|100\/100|[from] Grassy Terrain
|upkeep
|turn|5
|
|t:|1778630904
|move|p2a: Brambleghast|Poltergeist|p1a: Tapu Bulu
|-activate|p1a: Tapu Bulu|move: Poltergeist|Rocky Helmet
|-damage|p1a: Tapu Bulu|74\/100
|move|p1a: Tapu Bulu|Horn Leech|p2a: Brambleghast
|-resisted|p2a: Brambleghast
|-end|p2a: Brambleghast|Substitute
|-heal|p1a: Tapu Bulu|80\/100|[from] drain|[of] p2a: Brambleghast
|
|-heal|p1a: Tapu Bulu|86\/100|[from] Grassy Terrain
|upkeep
|turn|6
|
|t:|1778630911
|move|p2a: Brambleghast|Substitute|p2a: Brambleghast
|-start|p2a: Brambleghast|Substitute
|-damage|p2a: Brambleghast|76\/100
|move|p1a: Tapu Bulu|Horn Leech|p2a: Brambleghast
|-resisted|p2a: Brambleghast
|-activate|p2a: Brambleghast|move: Substitute|[damage]
|-heal|p1a: Tapu Bulu|94\/100|[from] drain|[of] p2a: Brambleghast
|
|-heal|p2a: Brambleghast|82\/100|[from] Grassy Terrain
|-heal|p1a: Tapu Bulu|99\/100|[from] Grassy Terrain
|upkeep
|turn|7
|
|t:|1778630924
|move|p2a: Brambleghast|Poltergeist|p1a: Tapu Bulu
|-activate|p1a: Tapu Bulu|move: Poltergeist|Rocky Helmet
|-damage|p1a: Tapu Bulu|73\/100
|move|p1a: Tapu Bulu|High Horsepower|p2a: Brambleghast
|-resisted|p2a: Brambleghast
|-end|p2a: Brambleghast|Substitute
|
|-heal|p2a: Brambleghast|88\/100|[from] Grassy Terrain
|-heal|p1a: Tapu Bulu|80\/100|[from] Grassy Terrain
|-fieldend|move: Grassy Terrain
|upkeep
|turn|8
|
|t:|1778630943
|move|p2a: Brambleghast|Substitute|p2a: Brambleghast
|-start|p2a: Brambleghast|Substitute
|-damage|p2a: Brambleghast|63\/100
|move|p1a: Tapu Bulu|Nature's Madness|p2a: Brambleghast
|-end|p2a: Brambleghast|Substitute
|
|upkeep
|turn|9
|c| kaui|That tumbleweed is one tricky guy
|
|t:|1778630959
|move|p2a: Brambleghast|Substitute|p2a: Brambleghast
|-start|p2a: Brambleghast|Substitute
|-damage|p2a: Brambleghast|38\/100
|move|p1a: Tapu Bulu|Nature's Madness|p2a: Brambleghast
|-activate|p2a: Brambleghast|move: Substitute|[damage]
|
|upkeep
|turn|10
|
|t:|1778630965
|move|p2a: Brambleghast|Strength Sap|p1a: Tapu Bulu
|-unboost|p1a: Tapu Bulu|atk|1
|-heal|p2a: Brambleghast|100\/100
|move|p1a: Tapu Bulu|Horn Leech|p2a: Brambleghast
|-resisted|p2a: Brambleghast
|-end|p2a: Brambleghast|Substitute
|-heal|p1a: Tapu Bulu|82\/100|[from] drain|[of] p2a: Brambleghast
|
|upkeep
|turn|11
|
|t:|1778630974
|switch|p2a: Cobalion|Cobalion|87\/100
|move|p1a: Tapu Bulu|Nature's Madness|p2a: Cobalion
|-damage|p2a: Cobalion|44\/100
|
|upkeep
|turn|12
|l| ChillerFrost
|
|t:|1778630988
|switch|p1a: Toxapex|Toxapex, F|84\/100
|-damage|p1a: Toxapex|71\/100|[from] Stealth Rock
|move|p2a: Cobalion|Toxic|p1a: Toxapex
|-immune|p1a: Toxapex
|
|-heal|p1a: Toxapex|77\/100|[from] item: Black Sludge
|upkeep
|turn|13
|
|t:|1778630994
|move|p1a: Toxapex|Baneful Bunker|p1a: Toxapex
|-singleturn|p1a: Toxapex|move: Protect
|move|p2a: Cobalion|Volt Switch|p1a: Toxapex
|-activate|p1a: Toxapex|move: Protect
|
|-heal|p1a: Toxapex|84\/100|[from] item: Black Sludge
|upkeep
|turn|14
|
|t:|1778631006
|move|p2a: Cobalion|Volt Switch|p1a: Toxapex
|-supereffective|p1a: Toxapex
|-damage|p1a: Toxapex|63\/100
|
|t:|1778631011
|switch|p2a: Brambleghast|Brambleghast, F|100\/100|[from] Volt Switch
|move|p1a: Toxapex|Infestation|p2a: Brambleghast
|-damage|p2a: Brambleghast|96\/100
|-activate|p2a: Brambleghast|move: Infestation|[of] p1a: Toxapex
|
|-heal|p1a: Toxapex|69\/100|[from] item: Black Sludge
|-damage|p2a: Brambleghast|84\/100|[from] move: Infestation|[partiallytrapped]
|upkeep
|turn|15
|
|t:|1778631051
|switch|p1a: Tapu Bulu|Tapu Bulu|82\/100
|-damage|p1a: Tapu Bulu|70\/100|[from] Stealth Rock
|-fieldstart|move: Grassy Terrain|[from] ability: Grassy Surge|[of] p1a: Tapu Bulu
|move|p2a: Brambleghast|Leech Seed|p1a: Tapu Bulu
|-immune|p1a: Tapu Bulu
|
|-heal|p2a: Brambleghast|90\/100|[from] Grassy Terrain
|-heal|p1a: Tapu Bulu|76\/100|[from] Grassy Terrain
|-end|p2a: Brambleghast|Infestation|[partiallytrapped]|[silent]
|upkeep
|turn|16
|
|t:|1778631071
|move|p2a: Brambleghast|Strength Sap|p1a: Tapu Bulu
|-unboost|p1a: Tapu Bulu|atk|1
|-heal|p2a: Brambleghast|100\/100
|move|p1a: Tapu Bulu|Nature's Madness|p2a: Brambleghast
|-damage|p2a: Brambleghast|50\/100
|
|-heal|p2a: Brambleghast|57\/100|[from] Grassy Terrain
|-heal|p1a: Tapu Bulu|82\/100|[from] Grassy Terrain
|upkeep
|turn|17
|
|t:|1778631090
|move|p2a: Brambleghast|Substitute|p2a: Brambleghast
|-start|p2a: Brambleghast|Substitute
|-damage|p2a: Brambleghast|32\/100
|move|p1a: Tapu Bulu|Nature's Madness|p2a: Brambleghast
|-activate|p2a: Brambleghast|move: Substitute|[damage]
|
|-heal|p2a: Brambleghast|38\/100|[from] Grassy Terrain
|-heal|p1a: Tapu Bulu|89\/100|[from] Grassy Terrain
|upkeep
|turn|18
|
|t:|1778631095
|move|p2a: Brambleghast|Strength Sap|p1a: Tapu Bulu
|-unboost|p1a: Tapu Bulu|atk|1
|-heal|p2a: Brambleghast|100\/100
|move|p1a: Tapu Bulu|Horn Leech|p2a: Brambleghast
|-resisted|p2a: Brambleghast
|-end|p2a: Brambleghast|Substitute
|-heal|p1a: Tapu Bulu|93\/100|[from] drain|[of] p2a: Brambleghast
|
|-heal|p1a: Tapu Bulu|99\/100|[from] Grassy Terrain
|upkeep
|turn|19
|
|t:|1778631112
|switch|p2a: Umbreon|Umbreon, F|100\/100
|move|p1a: Tapu Bulu|Nature's Madness|p2a: Umbreon|[miss]
|-miss|p1a: Tapu Bulu|p2a: Umbreon
|
|-heal|p1a: Tapu Bulu|100\/100|[from] Grassy Terrain
|-fieldend|move: Grassy Terrain
|upkeep
|turn|20
|
|t:|1778631155
|switch|p1a: Toxapex|Toxapex, F|100\/100
|-damage|p1a: Toxapex|88\/100|[from] Stealth Rock
|move|p2a: Umbreon|Wish|p2a: Umbreon
|
|-heal|p1a: Toxapex|94\/100|[from] item: Black Sludge
|upkeep
|turn|21
|
|t:|1778631167
|switch|p2a: Nidoking|Nidoking, M|100\/100
|move|p1a: Toxapex|Infestation|p2a: Nidoking
|-resisted|p2a: Nidoking
|-damage|p2a: Nidoking|99\/100
|-activate|p2a: Nidoking|move: Infestation|[of] p1a: Toxapex
|
|-heal|p2a: Nidoking|100\/100|[from] move: Wish|[wisher] Umbreon
|-heal|p1a: Toxapex|100\/100|[from] item: Black Sludge
|-damage|p2a: Nidoking|88\/100|[from] move: Infestation|[partiallytrapped]
|upkeep
|turn|22
|
|t:|1778631201
|move|p1a: Toxapex|Baneful Bunker|p1a: Toxapex
|-singleturn|p1a: Toxapex|move: Protect
|move|p2a: Nidoking|Earth Power|p1a: Toxapex
|-activate|p1a: Toxapex|move: Protect
|
|-damage|p2a: Nidoking|75\/100|[from] move: Infestation|[partiallytrapped]
|upkeep
|turn|23
|
|t:|1778631218
|switch|p1a: Quagsire|Quagsire, F|100\/100
|-damage|p1a: Quagsire|94\/100|[from] Stealth Rock
|move|p2a: Nidoking|Earth Power|p1a: Quagsire
|-damage|p1a: Quagsire|47\/100
|
|-heal|p1a: Quagsire|54\/100|[from] item: Leftovers
|-end|p2a: Nidoking|Infestation|[partiallytrapped]|[silent]
|upkeep
|turn|24
|j| ChillerFrost
|
|t:|1778631259
|switch|p2a: Mesprit|Mesprit|100\/100
|move|p1a: Quagsire|Recover|p1a: Quagsire
|-heal|p1a: Quagsire|100\/100
|
|upkeep
|turn|25
|
|t:|1778631275
|switch|p1a: Registeel|Registeel|100\/100
|-damage|p1a: Registeel|94\/100|[from] Stealth Rock
|-terastallize|p2a: Mesprit|Poison
|move|p2a: Mesprit|Energy Ball|p1a: Registeel
|-resisted|p1a: Registeel
|-damage|p1a: Registeel|89\/100
|
|upkeep
|turn|26
|l| ChillerFrost
|
|t:|1778631297
|move|p2a: Mesprit|Calm Mind|p2a: Mesprit
|-boost|p2a: Mesprit|spa|1
|-boost|p2a: Mesprit|spd|1
|move|p1a: Registeel|Heavy Slam|p2a: Mesprit
|-damage|p2a: Mesprit|78\/100
|
|-heal|p2a: Mesprit|84\/100|[from] item: Leftovers
|upkeep
|turn|27
|c|☆Phantom0rion|!servertime
|c| Phantom0rion|\/raw <div class="infobox">Server time: <b>5\/13\/2026, 12:15:59 AM<\/b><\/div>
|j| ChillerFrost
|j| Crown oji
|
|t:|1778631392
|switch|p1a: Togekiss|Togekiss, F|100\/100
|move|p2a: Mesprit|Calm Mind|p2a: Mesprit
|-boost|p2a: Mesprit|spa|1
|-boost|p2a: Mesprit|spd|1
|
|-heal|p2a: Mesprit|90\/100|[from] item: Leftovers
|upkeep
|turn|28
|l| Crown oji
|j| ryan700123
|l| ryan700123
|j| ryan700123
|j| Crown oji
|
|t:|1778631409
|move|p1a: Togekiss|Mystical Fire|p2a: Mesprit
|-damage|p2a: Mesprit|80\/100
|-unboost|p2a: Mesprit|spa|1
|move|p2a: Mesprit|Stored Power|p1a: Togekiss
|-damage|p1a: Togekiss|70\/100
|
|-heal|p2a: Mesprit|87\/100|[from] item: Leftovers
|upkeep
|turn|29
|
|t:|1778631417
|move|p1a: Togekiss|Mystical Fire|p2a: Mesprit
|-damage|p2a: Mesprit|77\/100
|-unboost|p2a: Mesprit|spa|1
|move|p2a: Mesprit|Calm Mind|p2a: Mesprit
|-boost|p2a: Mesprit|spa|1
|-boost|p2a: Mesprit|spd|1
|
|-heal|p2a: Mesprit|83\/100|[from] item: Leftovers
|upkeep
|turn|30
|j| daotxtoad
|
|t:|1778631444
|move|p1a: Togekiss|Mystical Fire|p2a: Mesprit
|-damage|p2a: Mesprit|75\/100
|-unboost|p2a: Mesprit|spa|1
|move|p2a: Mesprit|Calm Mind|p2a: Mesprit
|-boost|p2a: Mesprit|spa|1
|-boost|p2a: Mesprit|spd|1
|
|-heal|p2a: Mesprit|82\/100|[from] item: Leftovers
|upkeep
|turn|31
|
|t:|1778631450
|move|p1a: Togekiss|Mystical Fire|p2a: Mesprit
|-damage|p2a: Mesprit|75\/100
|-unboost|p2a: Mesprit|spa|1
|move|p2a: Mesprit|Calm Mind|p2a: Mesprit
|-boost|p2a: Mesprit|spa|1
|-boost|p2a: Mesprit|spd|1
|
|-heal|p2a: Mesprit|81\/100|[from] item: Leftovers
|upkeep
|turn|32
|
|t:|1778631452
|move|p1a: Togekiss|Mystical Fire|p2a: Mesprit
|-damage|p2a: Mesprit|74\/100
|-unboost|p2a: Mesprit|spa|1
|move|p2a: Mesprit|Calm Mind|p2a: Mesprit
|-boost|p2a: Mesprit|spa|1
|-boost|p2a: Mesprit|spd|1
|
|-heal|p2a: Mesprit|80\/100|[from] item: Leftovers
|upkeep
|turn|33
|
|t:|1778631455
|move|p1a: Togekiss|Mystical Fire|p2a: Mesprit
|-damage|p2a: Mesprit|75\/100
|-unboost|p2a: Mesprit|spa|1
|move|p2a: Mesprit|Calm Mind|p2a: Mesprit
|-boost|p2a: Mesprit|spa|1
|-boost|p2a: Mesprit|spd|0
|
|-heal|p2a: Mesprit|81\/100|[from] item: Leftovers
|upkeep
|turn|34
|
|t:|1778631465
|move|p1a: Togekiss|Air Slash|p2a: Mesprit
|-damage|p2a: Mesprit|73\/100
|cant|p2a: Mesprit|flinch
|
|-heal|p2a: Mesprit|79\/100|[from] item: Leftovers
|upkeep
|turn|35
|
|t:|1778631474
|move|p1a: Togekiss|Mystical Fire|p2a: Mesprit
|-damage|p2a: Mesprit|74\/100
|-unboost|p2a: Mesprit|spa|1
|move|p2a: Mesprit|Calm Mind|p2a: Mesprit
|-boost|p2a: Mesprit|spa|1
|-boost|p2a: Mesprit|spd|0
|
|-heal|p2a: Mesprit|80\/100|[from] item: Leftovers
|upkeep
|turn|36
|
|t:|1778631512
|move|p1a: Togekiss|Air Slash|p2a: Mesprit
|-damage|p2a: Mesprit|73\/100
|move|p2a: Mesprit|Stored Power|p1a: Togekiss
|-damage|p1a: Togekiss|11\/100
|
|-heal|p2a: Mesprit|79\/100|[from] item: Leftovers
|upkeep
|turn|37
|
|t:|1778631521
|move|p1a: Togekiss|Mystical Fire|p2a: Mesprit
|-damage|p2a: Mesprit|74\/100
|-unboost|p2a: Mesprit|spa|1
|move|p2a: Mesprit|Stored Power|p1a: Togekiss
|-damage|p1a: Togekiss|0 fnt
|faint|p1a: Togekiss
|
|-heal|p2a: Mesprit|80\/100|[from] item: Leftovers
|upkeep
|
|t:|1778631555
|switch|p1a: Registeel|Registeel|89\/100
|-damage|p1a: Registeel|83\/100|[from] Stealth Rock
|turn|38
|
|t:|1778631597
|move|p2a: Mesprit|Calm Mind|p2a: Mesprit
|-boost|p2a: Mesprit|spa|1
|-boost|p2a: Mesprit|spd|0
|move|p1a: Registeel|Heavy Slam|p2a: Mesprit
|-damage|p2a: Mesprit|59\/100
|
|-heal|p2a: Mesprit|65\/100|[from] item: Leftovers
|upkeep
|turn|39
|
|t:|1778631627
|move|p2a: Mesprit|Calm Mind|p2a: Mesprit
|-boost|p2a: Mesprit|spa|1
|-boost|p2a: Mesprit|spd|0
|move|p1a: Registeel|Heavy Slam|p2a: Mesprit
|-damage|p2a: Mesprit|40\/100
|
|-heal|p2a: Mesprit|46\/100|[from] item: Leftovers
|upkeep
|turn|40
|
|t:|1778631647
|move|p2a: Mesprit|Stored Power|p1a: Registeel
|-resisted|p1a: Registeel
|-damage|p1a: Registeel|46\/100
|move|p1a: Registeel|Heavy Slam|p2a: Mesprit
|-damage|p2a: Mesprit|22\/100
|
|-heal|p2a: Mesprit|28\/100|[from] item: Leftovers
|upkeep
|turn|41
|
|t:|1778631652
|move|p2a: Mesprit|Stored Power|p1a: Registeel
|-resisted|p1a: Registeel
|-crit|p1a: Registeel
|-damage|p1a: Registeel|0 fnt
|faint|p1a: Registeel
|
|-heal|p2a: Mesprit|35\/100|[from] item: Leftovers
|upkeep
|
|t:|1778631824
|switch|p1a: Quagsire|Quagsire, F|100\/100
|-damage|p1a: Quagsire|94\/100|[from] Stealth Rock
|turn|42
|
|t:|1778631856
|move|p2a: Mesprit|Stored Power|p1a: Quagsire
|-damage|p1a: Quagsire|40\/100
|move|p1a: Quagsire|Liquidation|p2a: Mesprit
|-damage|p2a: Mesprit|17\/100
|
|-heal|p2a: Mesprit|23\/100|[from] item: Leftovers
|-heal|p1a: Quagsire|46\/100|[from] item: Leftovers
|upkeep
|turn|43
|
|t:|1778631872
|move|p2a: Mesprit|Stored Power|p1a: Quagsire
|-damage|p1a: Quagsire|0 fnt
|faint|p1a: Quagsire
|
|-heal|p2a: Mesprit|29\/100|[from] item: Leftovers
|upkeep
|
|t:|1778631873
|switch|p1a: Typhlosion|Typhlosion-Hisui, M|100\/100
|-damage|p1a: Typhlosion|76\/100|[from] Stealth Rock
|-item|p2a: Mesprit|Leftovers|[from] ability: Frisk|[of] p1a: Typhlosion
|turn|44
|
|t:|1778631896
|-terastallize|p1a: Typhlosion|Fire
|move|p1a: Typhlosion|Eruption|p2a: Mesprit
|-damage|p2a: Mesprit|10\/100
|move|p2a: Mesprit|Stored Power|p1a: Typhlosion
|-damage|p1a: Typhlosion|0 fnt
|faint|p1a: Typhlosion
|
|-heal|p2a: Mesprit|16\/100|[from] item: Leftovers
|upkeep
|
|t:|1778631901
|switch|p1a: Tapu Bulu|Tapu Bulu|100\/100
|-damage|p1a: Tapu Bulu|88\/100|[from] Stealth Rock
|-fieldstart|move: Grassy Terrain|[from] ability: Grassy Surge|[of] p1a: Tapu Bulu
|turn|45
|
|t:|1778631928
|move|p2a: Mesprit|Stored Power|p1a: Tapu Bulu
|-damage|p1a: Tapu Bulu|0 fnt
|faint|p1a: Tapu Bulu
|
|-heal|p2a: Mesprit|22\/100|[from] item: Leftovers
|upkeep
|
|t:|1778631931
|switch|p1a: Toxapex|Toxapex, F|100\/100
|-damage|p1a: Toxapex|88\/100|[from] Stealth Rock
|turn|46
|c|☆TheRealMuney|gg
|
|t:|1778631936
|move|p2a: Mesprit|Stored Power|p1a: Toxapex
|-supereffective|p1a: Toxapex
|-damage|p1a: Toxapex|0 fnt
|faint|p1a: Toxapex
|
|win|Phantom0rion
|c|☆Phantom0rion|gg
|c| serendipidu|gg sry for wait

</script>
</div>
<div class="battle-log battle-log-inline"><div class="inner"><div class="battle-options"></div><div class="inner message-log"><div class="chat"><small>☆TheRealMuney and ☆Phantom0rion joined</small></div><div class=""><small>Format:</small> <br><strong>[Gen 9] NatDex Draft</strong></div><div class=""><small><em>Tera Type Preview:</em> Tera Types are shown at Team Preview</small></div><div class=""><small><em>Sleep Clause Mod:</em> Limit one foe put to sleep</small></div><div class=""><small><em>OHKO Clause:</em> OHKO moves are banned</small></div><div class=""><small><em>Evasion Clause:</em> Evasion abilities, items, and moves are banned</small></div><div class=""><small><em>Evasion Abilities Clause:</em> Evasion abilities are banned</small></div><div class=""><small><em>Evasion Items Clause:</em> Evasion items are banned</small></div><div class=""><small><em>Evasion Moves Clause:</em> Evasion moves are banned</small></div><div class=""><small><em>Endless Battle Clause:</em> Forcing endless battles is banned</small></div><div class=""><small><em>HP Percentage Mod:</em> HP is shown in percentages</small></div><div class="chat"><div class="infobox"><details class="readmore" open=""><summary><strong>1 custom rule:</strong></summary> Tera Type Preview</details></div></div><div class="chat">TheRealMuney's Tera Types:<br><span class="picon" style="background:transparent url(https://play.pokemonshowdown.com/sprites/pokemonicons-sheet.png?v21) no-repeat scroll -240px -3090px"></span><img src="https://play.pokemonshowdown.com/sprites/types/Fire.png" alt="Fire" height="14" width="32" class="pixelated"> / <span class="picon" style="background:transparent url(https://play.pokemonshowdown.com/sprites/pokemonicons-sheet.png?v21) no-repeat scroll -0px -1170px"></span><img src="https://play.pokemonshowdown.com/sprites/types/Fairy.png" alt="Fairy" height="14" width="32" class="pixelated"> / <span class="picon" style="background:transparent url(https://play.pokemonshowdown.com/sprites/pokemonicons-sheet.png?v21) no-repeat scroll -160px -1860px"></span><img src="https://play.pokemonshowdown.com/sprites/types/Poison.png" alt="Poison" height="14" width="32" class="pixelated"> / <span class="picon" style="background:transparent url(https://play.pokemonshowdown.com/sprites/pokemonicons-sheet.png?v21) no-repeat scroll -120px -480px"></span><img src="https://play.pokemonshowdown.com/sprites/types/Water.png" alt="Water" height="14" width="32" class="pixelated"> / <span class="picon" style="background:transparent url(https://play.pokemonshowdown.com/sprites/pokemonicons-sheet.png?v21) no-repeat scroll -280px -930px"></span><img src="https://play.pokemonshowdown.com/sprites/types/Steel.png" alt="Steel" height="14" width="32" class="pixelated"> / <span class="picon" style="background:transparent url(https://play.pokemonshowdown.com/sprites/pokemonicons-sheet.png?v21) no-repeat scroll -280px -1950px"></span><img src="https://play.pokemonshowdown.com/sprites/types/Steel.png" alt="Steel" height="14" width="32" class="pixelated"></div><div class="chat">Phantom0rion's Tera Types:<br><span class="picon" style="background:transparent url(https://play.pokemonshowdown.com/sprites/pokemonicons-sheet.png?v21) no-repeat scroll -120px -540px"></span><img src="https://play.pokemonshowdown.com/sprites/types/Grass.png" alt="Grass" height="14" width="32" class="pixelated"> / <span class="picon" style="background:transparent url(https://play.pokemonshowdown.com/sprites/pokemonicons-sheet.png?v21) no-repeat scroll -400px -60px"></span><img src="https://play.pokemonshowdown.com/sprites/types/Poison.png" alt="Poison" height="14" width="32" class="pixelated"> / <span class="picon" style="background:transparent url(https://play.pokemonshowdown.com/sprites/pokemonicons-sheet.png?v21) no-repeat scroll -40px -1200px"></span><img src="https://play.pokemonshowdown.com/sprites/types/Poison.png" alt="Poison" height="14" width="32" class="pixelated"> / <span class="picon" style="background:transparent url(https://play.pokemonshowdown.com/sprites/pokemonicons-sheet.png?v21) no-repeat scroll -200px -480px"></span><img src="https://play.pokemonshowdown.com/sprites/types/Dark.png" alt="Dark" height="14" width="32" class="pixelated"> / <span class="picon" style="background:transparent url(https://play.pokemonshowdown.com/sprites/pokemonicons-sheet.png?v21) no-repeat scroll -80px -1590px"></span><img src="https://play.pokemonshowdown.com/sprites/types/Ghost.png" alt="Ghost" height="14" width="32" class="pixelated"> / <span class="picon" style="background:transparent url(https://play.pokemonshowdown.com/sprites/pokemonicons-sheet.png?v21) no-repeat scroll -440px -2340px"></span><img src="https://play.pokemonshowdown.com/sprites/types/Grass.png" alt="Grass" height="14" width="32" class="pixelated"></div><div class="chat battle-history"><strong>TheRealMuney's team:</strong> <em style="color:#445566;display:block;">Typhlosion-Hisui / Togekiss / Toxapex / Quagsire / Registeel / Tapu Bulu</em></div><div class="chat battle-history"><strong>Phantom0rion's team:</strong> <em style="color:#445566;display:block;">Magcargo / Nidoking / Mesprit / Umbreon / Cobalion / Brambleghast</em></div><div class="chat message-error">Battle timer is ON: inactive players will automatically lose when time's up. (requested by Phantom0rion)</div><div class="chat message-error">Battle timer is now OFF.</div><div class="chat chatmessage-phantom0rion"><strong style="color:#0aa74e"><span class="username"><small class="groupsymbol">☆</small>Phantom0rion</span>:</strong> <em>glhf gamer</em></div><div class="chat chatmessage-therealmuney"><strong style="color:#ca1d79"><span class="username"><small class="groupsymbol">☆</small>TheRealMuney</span>:</strong> <em>u2u2</em></div><div class="chat"><small> DoctaShock,  25Days,  serendipidu,  kaui, and  ChillerFrost joined;  25Days left</small></div><div class="chat chatmessage-kaui"><strong style="color:#73950c"><span class="username"><small class="groupsymbol"> </small>kaui</span>:</strong> <em>wiwiwi</em></div><div class="spacer battle-history"><br></div><div class="battle-history">Battle started between TheRealMuney and Phantom0rion!<br></div><div class="spacer battle-history"><br></div><div class="battle-history">Go! <strong>Toxapex</strong>!<br></div><div class="spacer battle-history"><br></div><div class="battle-history">Phantom0rion sent out <strong>Cobalion</strong>!<br></div><div class="spacer battle-history"><br></div><h2 class="battle-history">Turn 1</h2><div class="chat"><small> ChillerFrost left</small></div><div class="spacer battle-history"><br></div><div class="battle-history">The opposing Cobalion used <strong>Stealth Rock</strong>!<br></div><div class="battle-history"><small>Pointed stones float in the air around your team!</small><br></div><div class="spacer battle-history"><br></div><div class="battle-history">Toxapex used <strong>Infestation</strong>!<br></div><div class="battle-history"><small>It's not very effective...</small><br></div><div class="battle-history"><small>(The opposing Cobalion lost 1% of its health!)</small><br></div><div class="battle-history"><small>The opposing Cobalion has been afflicted with an infestation by Toxapex!</small><br></div><div class="battle-history"><small>Toxapex was hurt by the Rocky Helmet!</small><br></div><div class="spacer battle-history"><br></div><div class="battle-history"><small>Toxapex restored a little HP using its Black Sludge!</small><br></div><div class="battle-history"><small>The opposing Cobalion is hurt by Infestation!</small><br></div><div class="spacer battle-history"><br></div><h2 class="battle-history">Turn 2</h2><div class="spacer battle-history"><br></div><div class="battle-history">The opposing Cobalion used <strong>Volt Switch</strong>!<br></div><div class="battle-history"><small>It's super effective!</small><br></div><div class="battle-history"><small>A critical hit!</small><br></div><div class="battle-history"><small>(Toxapex lost 29% of its health!)</small><br></div><div class="spacer battle-history"><br></div><div class="battle-history">The opposing Cobalion went back to Phantom0rion!<br></div><div class="battle-history">Phantom0rion sent out <strong>Brambleghast</strong>!<br></div><div class="spacer battle-history"><br></div><div class="battle-history">Toxapex used <strong>Knock Off</strong>!<br></div><div class="battle-history"><small>It's super effective!</small><br></div><div class="battle-history"><small>(The opposing Brambleghast lost 37% of its health!)</small><br></div><div class="battle-history"><small>Toxapex was hurt by the Rocky Helmet!</small><br></div><div class="battle-history"><small>Toxapex knocked off the opposing Brambleghast's Rocky Helmet!</small><br></div><div class="spacer battle-history"><br></div><div class="battle-history"><small>Toxapex restored a little HP using its Black Sludge!</small><br></div><div class="spacer battle-history"><br></div><h2 class="battle-history">Turn 3</h2><div class="spacer battle-history"><br></div><div class="battle-history">Toxapex, come back!<br></div><div class="battle-history">Go! <strong>Tapu Bulu</strong>!<br></div><div class="battle-history"><small>Pointed stones dug into Tapu Bulu!</small><br></div><div class="battle-history">[Tapu Bulu's Grassy Surge]<br><small>Grass grew to cover the battlefield!</small><br></div><div class="spacer battle-history"><br></div><div class="battle-history">The opposing Brambleghast used <strong>Substitute</strong>!<br></div><div class="battle-history"><small>The opposing Brambleghast put in a substitute!</small><br></div><div class="battle-history"><small>(The opposing Brambleghast lost 25% of its health!)</small><br></div><div class="spacer battle-history"><br></div><div class="battle-history"><small>The opposing Brambleghast's HP was restored.</small><br></div><div class="battle-history"><small>Tapu Bulu's HP was restored.</small><br></div><div class="spacer battle-history"><br></div><h2 class="battle-history">Turn 4</h2><div class="chat"><small> ChillerFrost joined</small></div><div class="spacer battle-history"><br></div><div class="battle-history">The opposing Brambleghast used <strong>Strength Sap</strong>!<br></div><div class="battle-history"><small>Tapu Bulu's Attack fell!</small><br></div><div class="battle-history"><small>The opposing Brambleghast had its HP restored.</small><br></div><div class="spacer battle-history"><br></div><div class="battle-history">Tapu Bulu used <strong>High Horsepower</strong>!<br></div><div class="battle-history"><small>It's not very effective...</small><br></div><div class="battle-history"><small>The substitute took damage for the opposing Brambleghast!</small><br></div><div class="spacer battle-history"><br></div><div class="battle-history"><small>Tapu Bulu's HP was restored.</small><br></div><div class="spacer battle-history"><br></div><h2 class="battle-history">Turn 5</h2><div class="spacer battle-history"><br></div><div class="battle-history">The opposing Brambleghast used <strong>Poltergeist</strong>!<br></div><div class="battle-history"><small>Tapu Bulu is about to be attacked by its Rocky Helmet!</small><br></div><div class="battle-history"><small>(Tapu Bulu lost 26% of its health!)</small><br></div><div class="spacer battle-history"><br></div><div class="battle-history">Tapu Bulu used <strong>Horn Leech</strong>!<br></div><div class="battle-history"><small>It's not very effective...</small><br></div><div class="battle-history"><small>The opposing Brambleghast's substitute faded!</small><br></div><div class="battle-history"><small>The opposing Brambleghast had its energy drained!</small><br></div><div class="spacer battle-history"><br></div><div class="battle-history"><small>Tapu Bulu's HP was restored.</small><br></div><div class="spacer battle-history"><br></div><h2 class="battle-history">Turn 6</h2><div class="spacer battle-history"><br></div><div class="battle-history">The opposing Brambleghast used <strong>Substitute</strong>!<br></div><div class="battle-history"><small>The opposing Brambleghast put in a substitute!</small><br></div><div class="battle-history"><small>(The opposing Brambleghast lost 24% of its health!)</small><br></div><div class="spacer battle-history"><br></div><div class="battle-history">Tapu Bulu used <strong>Horn Leech</strong>!<br></div><div class="battle-history"><small>It's not very effective...</small><br></div><div class="battle-history"><small>The substitute took damage for the opposing Brambleghast!</small><br></div><div class="battle-history"><small>The opposing Brambleghast had its energy drained!</small><br></div><div class="spacer battle-history"><br></div><div class="battle-history"><small>The opposing Brambleghast's HP was restored.</small><br></div><div class="battle-history"><small>Tapu Bulu's HP was restored.</small><br></div><div class="spacer battle-history"><br></div><h2 class="battle-history">Turn 7</h2><div class="spacer battle-history"><br></div><div class="battle-history">The opposing Brambleghast used <strong>Poltergeist</strong>!<br></div><div class="battle-history"><small>Tapu Bulu is about to be attacked by its Rocky Helmet!</small><br></div><div class="battle-history"><small>(Tapu Bulu lost 26% of its health!)</small><br></div><div class="spacer battle-history"><br></div><div class="battle-history">Tapu Bulu used <strong>High Horsepower</strong>!<br></div><div class="battle-history"><small>It's not very effective...</small><br></div><div class="battle-history"><small>The opposing Brambleghast's substitute faded!</small><br></div><div class="spacer battle-history"><br></div><div class="battle-history"><small>The opposing Brambleghast's HP was restored.</small><br></div><div class="battle-history"><small>Tapu Bulu's HP was restored.</small><br></div><div class="battle-history"><small>The grass disappeared from the battlefield.</small><br></div><div class="spacer battle-history"><br></div><h2 class="battle-history">Turn 8</h2><div class="spacer battle-history"><br></div><div class="battle-history">The opposing Brambleghast used <strong>Substitute</strong>!<br></div><div class="battle-history"><small>The opposing Brambleghast put in a substitute!</small><br></div><div class="battle-history"><small>(The opposing Brambleghast lost 25% of its health!)</small><br></div><div class="spacer battle-history"><br></div><div class="battle-history">Tapu Bulu used <strong>Nature's Madness</strong>!<br></div><div class="battle-history"><small>The opposing Brambleghast's substitute faded!</small><br></div><div class="spacer battle-history"><br></div><h2 class="battle-history">Turn 9</h2><div class="chat chatmessage-kaui"><strong style="color:#73950c"><span class="username"><small class="groupsymbol"> </small>kaui</span>:</strong> <em>That tumbleweed is one tricky guy</em></div><div class="spacer battle-history"><br></div><div class="battle-history">The opposing Brambleghast used <strong>Substitute</strong>!<br></div><div class="battle-history"><small>The opposing Brambleghast put in a substitute!</small><br></div><div class="battle-history"><small>(The opposing Brambleghast lost 25% of its health!)</small><br></div><div class="spacer battle-history"><br></div><div class="battle-history">Tapu Bulu used <strong>Nature's Madness</strong>!<br></div><div class="battle-history"><small>The substitute took damage for the opposing Brambleghast!</small><br></div><div class="spacer battle-history"><br></div><h2 class="battle-history">Turn 10</h2><div class="spacer battle-history"><br></div><div class="battle-history">The opposing Brambleghast used <strong>Strength Sap</strong>!<br></div><div class="battle-history"><small>Tapu Bulu's Attack fell!</small><br></div><div class="battle-history"><small>The opposing Brambleghast had its HP restored.</small><br></div><div class="spacer battle-history"><br></div><div class="battle-history">Tapu Bulu used <strong>Horn Leech</strong>!<br></div><div class="battle-history"><small>It's not very effective...</small><br></div><div class="battle-history"><small>The opposing Brambleghast's substitute faded!</small><br></div><div class="battle-history"><small>The opposing Brambleghast had its energy drained!</small><br></div><div class="spacer battle-history"><br></div><h2 class="battle-history">Turn 11</h2><div class="spacer battle-history"><br></div><div class="battle-history">Phantom0rion withdrew Brambleghast!<br></div><div class="battle-history">Phantom0rion sent out <strong>Cobalion</strong>!<br></div><div class="spacer battle-history"><br></div><div class="battle-history">Tapu Bulu used <strong>Nature's Madness</strong>!<br></div><div class="battle-history"><small>(The opposing Cobalion lost 43% of its health!)</small><br></div><div class="spacer battle-history"><br></div><h2 class="battle-history">Turn 12</h2><div class="chat"><small> ChillerFrost left</small></div><div class="spacer battle-history"><br></div><div class="battle-history">Tapu Bulu, come back!<br></div><div class="battle-history">Go! <strong>Toxapex</strong>!<br></div><div class="battle-history"><small>Pointed stones dug into Toxapex!</small><br></div><div class="spacer battle-history"><br></div><div class="battle-history">The opposing Cobalion used <strong>Toxic</strong>!<br></div><div class="battle-history"><small>It doesn't affect Toxapex...</small><br></div><div class="spacer battle-history"><br></div><div class="battle-history"><small>Toxapex restored a little HP using its Black Sludge!</small><br></div><div class="spacer battle-history"><br></div><h2 class="battle-history">Turn 13</h2><div class="spacer battle-history"><br></div><div class="battle-history">Toxapex used <strong>Baneful Bunker</strong>!<br></div><div class="battle-history"><small>Toxapex protected itself!</small><br></div><div class="spacer battle-history"><br></div><div class="battle-history">The opposing Cobalion used <strong>Volt Switch</strong>!<br></div><div class="battle-history"><small>Toxapex protected itself!</small><br></div><div class="spacer battle-history"><br></div><div class="battle-history"><small>Toxapex restored a little HP using its Black Sludge!</small><br></div><div class="spacer battle-history"><br></div><h2 class="battle-history">Turn 14</h2><div class="spacer battle-history"><br></div><div class="battle-history">The opposing Cobalion used <strong>Volt Switch</strong>!<br></div><div class="battle-history"><small>It's super effective!</small><br></div><div class="battle-history"><small>(Toxapex lost 21% of its health!)</small><br></div><div class="spacer battle-history"><br></div><div class="battle-history">The opposing Cobalion went back to Phantom0rion!<br></div><div class="battle-history">Phantom0rion sent out <strong>Brambleghast</strong>!<br></div><div class="spacer battle-history"><br></div><div class="battle-history">Toxapex used <strong>Infestation</strong>!<br></div><div class="battle-history"><small>(The opposing Brambleghast lost 4% of its health!)</small><br></div><div class="battle-history"><small>The opposing Brambleghast has been afflicted with an infestation by Toxapex!</small><br></div><div class="spacer battle-history"><br></div><div class="battle-history"><small>Toxapex restored a little HP using its Black Sludge!</small><br></div><div class="battle-history"><small>The opposing Brambleghast is hurt by Infestation!</small><br></div><div class="spacer battle-history"><br></div><h2 class="battle-history">Turn 15</h2><div class="spacer battle-history"><br></div><div class="battle-history">Toxapex, come back!<br></div><div class="battle-history">Go! <strong>Tapu Bulu</strong>!<br></div><div class="battle-history"><small>Pointed stones dug into Tapu Bulu!</small><br></div><div class="battle-history">[Tapu Bulu's Grassy Surge]<br><small>Grass grew to cover the battlefield!</small><br></div><div class="spacer battle-history"><br></div><div class="battle-history">The opposing Brambleghast used <strong>Leech Seed</strong>!<br></div><div class="battle-history"><small>It doesn't affect Tapu Bulu...</small><br></div><div class="spacer battle-history"><br></div><div class="battle-history"><small>The opposing Brambleghast's HP was restored.</small><br></div><div class="battle-history"><small>Tapu Bulu's HP was restored.</small><br></div><div class="spacer battle-history"><br></div><h2 class="battle-history">Turn 16</h2><div class="spacer battle-history"><br></div><div class="battle-history">The opposing Brambleghast used <strong>Strength Sap</strong>!<br></div><div class="battle-history"><small>Tapu Bulu's Attack fell!</small><br></div><div class="battle-history"><small>The opposing Brambleghast had its HP restored.</small><br></div><div class="spacer battle-history"><br></div><div class="battle-history">Tapu Bulu used <strong>Nature's Madness</strong>!<br></div><div class="battle-history"><small>(The opposing Brambleghast lost 50% of its health!)</small><br></div><div class="spacer battle-history"><br></div><div class="battle-history"><small>The opposing Brambleghast's HP was restored.</small><br></div><div class="battle-history"><small>Tapu Bulu's HP was restored.</small><br></div><div class="spacer battle-history"><br></div><h2 class="battle-history">Turn 17</h2><div class="spacer battle-history"><br></div><div class="battle-history">The opposing Brambleghast used <strong>Substitute</strong>!<br></div><div class="battle-history"><small>The opposing Brambleghast put in a substitute!</small><br></div><div class="battle-history"><small>(The opposing Brambleghast lost 25% of its health!)</small><br></div><div class="spacer battle-history"><br></div><div class="battle-history">Tapu Bulu used <strong>Nature's Madness</strong>!<br></div><div class="battle-history"><small>The substitute took damage for the opposing Brambleghast!</small><br></div><div class="spacer battle-history"><br></div><div class="battle-history"><small>The opposing Brambleghast's HP was restored.</small><br></div><div class="battle-history"><small>Tapu Bulu's HP was restored.</small><br></div><div class="spacer battle-history"><br></div><h2 class="battle-history">Turn 18</h2><div class="spacer battle-history"><br></div><div class="battle-history">The opposing Brambleghast used <strong>Strength Sap</strong>!<br></div><div class="battle-history"><small>Tapu Bulu's Attack fell!</small><br></div><div class="battle-history"><small>The opposing Brambleghast had its HP restored.</small><br></div><div class="spacer battle-history"><br></div><div class="battle-history">Tapu Bulu used <strong>Horn Leech</strong>!<br></div><div class="battle-history"><small>It's not very effective...</small><br></div><div class="battle-history"><small>The opposing Brambleghast's substitute faded!</small><br></div><div class="battle-history"><small>The opposing Brambleghast had its energy drained!</small><br></div><div class="spacer battle-history"><br></div><div class="battle-history"><small>Tapu Bulu's HP was restored.</small><br></div><div class="spacer battle-history"><br></div><h2 class="battle-history">Turn 19</h2><div class="spacer battle-history"><br></div><div class="battle-history">Phantom0rion withdrew Brambleghast!<br></div><div class="battle-history">Phantom0rion sent out <strong>Umbreon</strong>!<br></div><div class="spacer battle-history"><br></div><div class="battle-history">Tapu Bulu used <strong>Nature's Madness</strong>!<br></div><div class="battle-history"><small>The opposing Umbreon avoided the attack!</small><br></div><div class="spacer battle-history"><br></div><div class="battle-history"><small>Tapu Bulu's HP was restored.</small><br></div><div class="battle-history"><small>The grass disappeared from the battlefield.</small><br></div><div class="spacer battle-history"><br></div><h2 class="battle-history">Turn 20</h2><div class="spacer battle-history"><br></div><div class="battle-history">Tapu Bulu, come back!<br></div><div class="battle-history">Go! <strong>Toxapex</strong>!<br></div><div class="battle-history"><small>Pointed stones dug into Toxapex!</small><br></div><div class="spacer battle-history"><br></div><div class="battle-history">The opposing Umbreon used <strong>Wish</strong>!<br></div><div class="spacer battle-history"><br></div><div class="battle-history"><small>Toxapex restored a little HP using its Black Sludge!</small><br></div><div class="spacer battle-history"><br></div><h2 class="battle-history">Turn 21</h2><div class="spacer battle-history"><br></div><div class="battle-history">Phantom0rion withdrew Umbreon!<br></div><div class="battle-history">Phantom0rion sent out <strong>Nidoking</strong>!<br></div><div class="spacer battle-history"><br></div><div class="battle-history">Toxapex used <strong>Infestation</strong>!<br></div><div class="battle-history"><small>It's not very effective...</small><br></div><div class="battle-history"><small>(The opposing Nidoking lost 1% of its health!)</small><br></div><div class="battle-history"><small>The opposing Nidoking has been afflicted with an infestation by Toxapex!</small><br></div><div class="spacer battle-history"><br></div><div class="battle-history"><small>Umbreon's wish came true!</small><br></div><div class="battle-history"><small>Toxapex restored a little HP using its Black Sludge!</small><br></div><div class="battle-history"><small>The opposing Nidoking is hurt by Infestation!</small><br></div><div class="spacer battle-history"><br></div><h2 class="battle-history">Turn 22</h2><div class="spacer battle-history"><br></div><div class="battle-history">Toxapex used <strong>Baneful Bunker</strong>!<br></div><div class="battle-history"><small>Toxapex protected itself!</small><br></div><div class="spacer battle-history"><br></div><div class="battle-history">The opposing Nidoking used <strong>Earth Power</strong>!<br></div><div class="battle-history"><small>Toxapex protected itself!</small><br></div><div class="spacer battle-history"><br></div><div class="battle-history"><small>The opposing Nidoking is hurt by Infestation!</small><br></div><div class="spacer battle-history"><br></div><h2 class="battle-history">Turn 23</h2><div class="spacer battle-history"><br></div><div class="battle-history">Toxapex, come back!<br></div><div class="battle-history">Go! <strong>Quagsire</strong>!<br></div><div class="battle-history"><small>Pointed stones dug into Quagsire!</small><br></div><div class="spacer battle-history"><br></div><div class="battle-history">The opposing Nidoking used <strong>Earth Power</strong>!<br></div><div class="battle-history"><small>(Quagsire lost 47% of its health!)</small><br></div><div class="spacer battle-history"><br></div><div class="battle-history"><small>Quagsire restored a little HP using its Leftovers!</small><br></div><div class="spacer battle-history"><br></div><h2 class="battle-history">Turn 24</h2><div class="chat"><small> ChillerFrost joined</small></div><div class="spacer battle-history"><br></div><div class="battle-history">Phantom0rion withdrew Nidoking!<br></div><div class="battle-history">Phantom0rion sent out <strong>Mesprit</strong>!<br></div><div class="spacer battle-history"><br></div><div class="battle-history">Quagsire used <strong>Recover</strong>!<br></div><div class="battle-history"><small>Quagsire had its HP restored.</small><br></div><div class="spacer battle-history"><br></div><h2 class="battle-history">Turn 25</h2><div class="spacer battle-history"><br></div><div class="battle-history">Quagsire, come back!<br></div><div class="battle-history">Go! <strong>Registeel</strong>!<br></div><div class="battle-history"><small>Pointed stones dug into Registeel!</small><br></div><div class="spacer battle-history"><br></div><div class="battle-history"><small>The opposing Mesprit has Terastallized into the Poison-type!</small><br></div><div class="spacer battle-history"><br></div><div class="battle-history">The opposing Mesprit used <strong>Energy Ball</strong>!<br></div><div class="battle-history"><small>It's not very effective...</small><br></div><div class="battle-history"><small>(Registeel lost 5% of its health!)</small><br></div><div class="spacer battle-history"><br></div><h2 class="battle-history">Turn 26</h2><div class="chat"><small> ChillerFrost left</small></div><div class="spacer battle-history"><br></div><div class="battle-history">The opposing Mesprit used <strong>Calm Mind</strong>!<br></div><div class="battle-history"><small>The opposing Mesprit's Sp. Atk rose!</small><br></div><div class="battle-history"><small>The opposing Mesprit's Sp. Def rose!</small><br></div><div class="spacer battle-history"><br></div><div class="battle-history">Registeel used <strong>Heavy Slam</strong>!<br></div><div class="battle-history"><small>(The opposing Mesprit lost 22% of its health!)</small><br></div><div class="spacer battle-history"><br></div><div class="battle-history"><small>The opposing Mesprit restored a little HP using its Leftovers!</small><br></div><div class="spacer battle-history"><br></div><h2 class="battle-history">Turn 27</h2><div class="chat chatmessage-phantom0rion"><strong style="color:#0aa74e"><span class="username"><small class="groupsymbol">☆</small>Phantom0rion</span>:</strong> <em>!servertime</em></div><div class="chat"><div class="infobox">Server time: <b>5/13/2026, 12:15:59 AM</b></div></div><div class="chat"><small> ChillerFrost and  Crown oji joined</small></div><div class="spacer battle-history"><br></div><div class="battle-history">Registeel, come back!<br></div><div class="battle-history">Go! <strong>Togekiss</strong>!<br></div><div class="spacer battle-history"><br></div><div class="battle-history">The opposing Mesprit used <strong>Calm Mind</strong>!<br></div><div class="battle-history"><small>The opposing Mesprit's Sp. Atk rose!</small><br></div><div class="battle-history"><small>The opposing Mesprit's Sp. Def rose!</small><br></div><div class="spacer battle-history"><br></div><div class="battle-history"><small>The opposing Mesprit restored a little HP using its Leftovers!</small><br></div><div class="spacer battle-history"><br></div><h2 class="battle-history">Turn 28</h2><div class="chat"><small> ryan700123 joined</small></div><div class="spacer battle-history"><br></div><div class="battle-history">Togekiss used <strong>Mystical Fire</strong>!<br></div><div class="battle-history"><small>(The opposing Mesprit lost 10% of its health!)</small><br></div><div class="battle-history"><small>The opposing Mesprit's Sp. Atk fell!</small><br></div><div class="spacer battle-history"><br></div><div class="battle-history">The opposing Mesprit used <strong>Stored Power</strong>!<br></div><div class="battle-history"><small>(Togekiss lost 30% of its health!)</small><br></div><div class="spacer battle-history"><br></div><div class="battle-history"><small>The opposing Mesprit restored a little HP using its Leftovers!</small><br></div><div class="spacer battle-history"><br></div><h2 class="battle-history">Turn 29</h2><div class="spacer battle-history"><br></div><div class="battle-history">Togekiss used <strong>Mystical Fire</strong>!<br></div><div class="battle-history"><small>(The opposing Mesprit lost 10% of its health!)</small><br></div><div class="battle-history"><small>The opposing Mesprit's Sp. Atk fell!</small><br></div><div class="spacer battle-history"><br></div><div class="battle-history">The opposing Mesprit used <strong>Calm Mind</strong>!<br></div><div class="battle-history"><small>The opposing Mesprit's Sp. Atk rose!</small><br></div><div class="battle-history"><small>The opposing Mesprit's Sp. Def rose!</small><br></div><div class="spacer battle-history"><br></div><div class="battle-history"><small>The opposing Mesprit restored a little HP using its Leftovers!</small><br></div><div class="spacer battle-history"><br></div><h2 class="battle-history">Turn 30</h2><div class="chat"><small> daotxtoad joined</small></div><div class="spacer battle-history"><br></div><div class="battle-history">Togekiss used <strong>Mystical Fire</strong>!<br></div><div class="battle-history"><small>(The opposing Mesprit lost 8% of its health!)</small><br></div><div class="battle-history"><small>The opposing Mesprit's Sp. Atk fell!</small><br></div><div class="spacer battle-history"><br></div><div class="battle-history">The opposing Mesprit used <strong>Calm Mind</strong>!<br></div><div class="battle-history"><small>The opposing Mesprit's Sp. Atk rose!</small><br></div><div class="battle-history"><small>The opposing Mesprit's Sp. Def rose!</small><br></div><div class="spacer battle-history"><br></div><div class="battle-history"><small>The opposing Mesprit restored a little HP using its Leftovers!</small><br></div><div class="spacer battle-history"><br></div><h2 class="battle-history">Turn 31</h2><div class="spacer battle-history"><br></div><div class="battle-history">Togekiss used <strong>Mystical Fire</strong>!<br></div><div class="battle-history"><small>(The opposing Mesprit lost 7% of its health!)</small><br></div><div class="battle-history"><small>The opposing Mesprit's Sp. Atk fell!</small><br></div><div class="spacer battle-history"><br></div><div class="battle-history">The opposing Mesprit used <strong>Calm Mind</strong>!<br></div><div class="battle-history"><small>The opposing Mesprit's Sp. Atk rose!</small><br></div><div class="battle-history"><small>The opposing Mesprit's Sp. Def rose!</small><br></div><div class="spacer battle-history"><br></div><div class="battle-history"><small>The opposing Mesprit restored a little HP using its Leftovers!</small><br></div><div class="spacer battle-history"><br></div><h2 class="battle-history">Turn 32</h2><div class="spacer battle-history"><br></div><div class="battle-history">Togekiss used <strong>Mystical Fire</strong>!<br></div><div class="battle-history"><small>(The opposing Mesprit lost 7% of its health!)</small><br></div><div class="battle-history"><small>The opposing Mesprit's Sp. Atk fell!</small><br></div><div class="spacer battle-history"><br></div><div class="battle-history">The opposing Mesprit used <strong>Calm Mind</strong>!<br></div><div class="battle-history"><small>The opposing Mesprit's Sp. Atk rose!</small><br></div><div class="battle-history"><small>The opposing Mesprit's Sp. Def rose!</small><br></div><div class="spacer battle-history"><br></div><div class="battle-history"><small>The opposing Mesprit restored a little HP using its Leftovers!</small><br></div><div class="spacer battle-history"><br></div><h2 class="battle-history">Turn 33</h2><div class="spacer battle-history"><br></div><div class="battle-history">Togekiss used <strong>Mystical Fire</strong>!<br></div><div class="battle-history"><small>(The opposing Mesprit lost 5% of its health!)</small><br></div><div class="battle-history"><small>The opposing Mesprit's Sp. Atk fell!</small><br></div><div class="spacer battle-history"><br></div><div class="battle-history">The opposing Mesprit used <strong>Calm Mind</strong>!<br></div><div class="battle-history"><small>The opposing Mesprit's Sp. Atk rose!</small><br></div><div class="battle-history"><small>The opposing Mesprit's Sp. Def won't go any higher!</small><br></div><div class="spacer battle-history"><br></div><div class="battle-history"><small>The opposing Mesprit restored a little HP using its Leftovers!</small><br></div><div class="spacer battle-history"><br></div><h2 class="battle-history">Turn 34</h2><div class="spacer battle-history"><br></div><div class="battle-history">Togekiss used <strong>Air Slash</strong>!<br></div><div class="battle-history"><small>(The opposing Mesprit lost 8% of its health!)</small><br></div><div class="spacer battle-history"><br></div><div class="battle-history">The opposing Mesprit flinched and couldn't move!<br></div><div class="spacer battle-history"><br></div><div class="battle-history"><small>The opposing Mesprit restored a little HP using its Leftovers!</small><br></div><div class="spacer battle-history"><br></div><h2 class="battle-history">Turn 35</h2><div class="spacer battle-history"><br></div><div class="battle-history">Togekiss used <strong>Mystical Fire</strong>!<br></div><div class="battle-history"><small>(The opposing Mesprit lost 5% of its health!)</small><br></div><div class="battle-history"><small>The opposing Mesprit's Sp. Atk fell!</small><br></div><div class="spacer battle-history"><br></div><div class="battle-history">The opposing Mesprit used <strong>Calm Mind</strong>!<br></div><div class="battle-history"><small>The opposing Mesprit's Sp. Atk rose!</small><br></div><div class="battle-history"><small>The opposing Mesprit's Sp. Def won't go any higher!</small><br></div><div class="spacer battle-history"><br></div><div class="battle-history"><small>The opposing Mesprit restored a little HP using its Leftovers!</small><br></div><div class="spacer battle-history"><br></div><h2 class="battle-history">Turn 36</h2><div class="spacer battle-history"><br></div><div class="battle-history">Togekiss used <strong>Air Slash</strong>!<br></div><div class="battle-history"><small>(The opposing Mesprit lost 7% of its health!)</small><br></div><div class="spacer battle-history"><br></div><div class="battle-history">The opposing Mesprit used <strong>Stored Power</strong>!<br></div><div class="battle-history"><small>(Togekiss lost 59% of its health!)</small><br></div><div class="spacer battle-history"><br></div><div class="battle-history"><small>The opposing Mesprit restored a little HP using its Leftovers!</small><br></div><div class="spacer battle-history"><br></div><h2 class="battle-history">Turn 37</h2><div class="spacer battle-history"><br></div><div class="battle-history">Togekiss used <strong>Mystical Fire</strong>!<br></div><div class="battle-history"><small>(The opposing Mesprit lost 5% of its health!)</small><br></div><div class="battle-history"><small>The opposing Mesprit's Sp. Atk fell!</small><br></div><div class="spacer battle-history"><br></div><div class="battle-history">The opposing Mesprit used <strong>Stored Power</strong>!<br></div><div class="battle-history"><small>(Togekiss lost 11% of its health!)</small><br></div><div class="spacer battle-history"><br></div><div class="battle-history">Togekiss fainted!<br></div><div class="spacer battle-history"><br></div><div class="battle-history"><small>The opposing Mesprit restored a little HP using its Leftovers!</small><br></div><div class="spacer battle-history"><br></div><div class="battle-history">Go! <strong>Registeel</strong>!<br></div><div class="battle-history"><small>Pointed stones dug into Registeel!</small><br></div><div class="spacer battle-history"><br></div><h2 class="battle-history">Turn 38</h2><div class="spacer battle-history"><br></div><div class="battle-history">The opposing Mesprit used <strong>Calm Mind</strong>!<br></div><div class="battle-history"><small>The opposing Mesprit's Sp. Atk rose!</small><br></div><div class="battle-history"><small>The opposing Mesprit's Sp. Def won't go any higher!</small><br></div><div class="spacer battle-history"><br></div><div class="battle-history">Registeel used <strong>Heavy Slam</strong>!<br></div><div class="battle-history"><small>(The opposing Mesprit lost 21% of its health!)</small><br></div><div class="spacer battle-history"><br></div><div class="battle-history"><small>The opposing Mesprit restored a little HP using its Leftovers!</small><br></div><div class="spacer battle-history"><br></div><h2 class="battle-history">Turn 39</h2><div class="spacer battle-history"><br></div><div class="battle-history">The opposing Mesprit used <strong>Calm Mind</strong>!<br></div><div class="battle-history"><small>The opposing Mesprit's Sp. Atk rose!</small><br></div><div class="battle-history"><small>The opposing Mesprit's Sp. Def won't go any higher!</small><br></div><div class="spacer battle-history"><br></div><div class="battle-history">Registeel used <strong>Heavy Slam</strong>!<br></div><div class="battle-history"><small>(The opposing Mesprit lost 25% of its health!)</small><br></div><div class="spacer battle-history"><br></div><div class="battle-history"><small>The opposing Mesprit restored a little HP using its Leftovers!</small><br></div><div class="spacer battle-history"><br></div><h2 class="battle-history">Turn 40</h2><div class="spacer battle-history"><br></div><div class="battle-history">The opposing Mesprit used <strong>Stored Power</strong>!<br></div><div class="battle-history"><small>It's not very effective...</small><br></div><div class="battle-history"><small>(Registeel lost 37% of its health!)</small><br></div><div class="spacer battle-history"><br></div><div class="battle-history">Registeel used <strong>Heavy Slam</strong>!<br></div><div class="battle-history"><small>(The opposing Mesprit lost 24% of its health!)</small><br></div><div class="spacer battle-history"><br></div><div class="battle-history"><small>The opposing Mesprit restored a little HP using its Leftovers!</small><br></div><div class="spacer battle-history"><br></div><h2 class="battle-history">Turn 41</h2><div class="spacer battle-history"><br></div><div class="battle-history">The opposing Mesprit used <strong>Stored Power</strong>!<br></div><div class="battle-history"><small>It's not very effective...</small><br></div><div class="battle-history"><small>A critical hit!</small><br></div><div class="battle-history"><small>(Registeel lost 46% of its health!)</small><br></div><div class="spacer battle-history"><br></div><div class="battle-history">Registeel fainted!<br></div><div class="spacer battle-history"><br></div><div class="battle-history"><small>The opposing Mesprit restored a little HP using its Leftovers!</small><br></div><div class="spacer battle-history"><br></div><div class="battle-history">Go! <strong>Quagsire</strong>!<br></div><div class="battle-history"><small>Pointed stones dug into Quagsire!</small><br></div><div class="spacer battle-history"><br></div><h2 class="battle-history">Turn 42</h2><div class="spacer battle-history"><br></div><div class="battle-history">The opposing Mesprit used <strong>Stored Power</strong>!<br></div><div class="battle-history"><small>(Quagsire lost 54% of its health!)</small><br></div><div class="spacer battle-history"><br></div><div class="battle-history">Quagsire used <strong>Liquidation</strong>!<br></div><div class="battle-history"><small>(The opposing Mesprit lost 18% of its health!)</small><br></div><div class="spacer battle-history"><br></div><div class="battle-history"><small>The opposing Mesprit restored a little HP using its Leftovers!</small><br></div><div class="battle-history"><small>Quagsire restored a little HP using its Leftovers!</small><br></div><div class="spacer battle-history"><br></div><h2 class="battle-history">Turn 43</h2><div class="spacer battle-history"><br></div><div class="battle-history">The opposing Mesprit used <strong>Stored Power</strong>!<br></div><div class="battle-history"><small>(Quagsire lost 46% of its health!)</small><br></div><div class="spacer battle-history"><br></div><div class="battle-history">Quagsire fainted!<br></div><div class="spacer battle-history"><br></div><div class="battle-history"><small>The opposing Mesprit restored a little HP using its Leftovers!</small><br></div><div class="spacer battle-history"><br></div><div class="battle-history">Go! Typhlosion (<strong>Typhlosion-Hisui</strong>)!<br></div><div class="battle-history"><small>Pointed stones dug into Typhlosion!</small><br></div><div class="battle-history">[Typhlosion's Frisk]<br><small>Typhlosion frisked the opposing Mesprit and found its Leftovers!</small><br></div><div class="spacer battle-history"><br></div><h2 class="battle-history">Turn 44</h2><div class="spacer battle-history"><br></div><div class="battle-history"><small>Typhlosion has Terastallized into the Fire-type!</small><br></div><div class="spacer battle-history"><br></div><div class="battle-history">Typhlosion used <strong>Eruption</strong>!<br></div><div class="battle-history"><small>(The opposing Mesprit lost 19% of its health!)</small><br></div><div class="spacer battle-history"><br></div><div class="battle-history">The opposing Mesprit used <strong>Stored Power</strong>!<br></div><div class="battle-history"><small>(Typhlosion lost 76% of its health!)</small><br></div><div class="spacer battle-history"><br></div><div class="battle-history">Typhlosion fainted!<br></div><div class="spacer battle-history"><br></div><div class="battle-history"><small>The opposing Mesprit restored a little HP using its Leftovers!</small><br></div><div class="spacer battle-history"><br></div><div class="battle-history">Go! <strong>Tapu Bulu</strong>!<br></div><div class="battle-history"><small>Pointed stones dug into Tapu Bulu!</small><br></div><div class="battle-history">[Tapu Bulu's Grassy Surge]<br><small>Grass grew to cover the battlefield!</small><br></div><div class="spacer battle-history"><br></div><h2 class="battle-history">Turn 45</h2><div class="spacer battle-history"><br></div><div class="battle-history">The opposing Mesprit used <strong>Stored Power</strong>!<br></div><div class="battle-history"><small>(Tapu Bulu lost 88% of its health!)</small><br></div><div class="spacer battle-history"><br></div><div class="battle-history">Tapu Bulu fainted!<br></div><div class="spacer battle-history"><br></div><div class="battle-history"><small>The opposing Mesprit restored a little HP using its Leftovers!</small><br></div><div class="spacer battle-history"><br></div><div class="battle-history">Go! <strong>Toxapex</strong>!<br></div><div class="battle-history"><small>Pointed stones dug into Toxapex!</small><br></div><div class="spacer battle-history"><br></div><h2 class="battle-history">Turn 46</h2><div class="chat chatmessage-therealmuney"><strong style="color:#ca1d79"><span class="username"><small class="groupsymbol">☆</small>TheRealMuney</span>:</strong> <em>gg</em></div><div class="spacer battle-history"><br></div><div class="battle-history">The opposing Mesprit used <strong>Stored Power</strong>!<br></div><div class="battle-history"><small>It's super effective!</small><br></div><div class="battle-history"><small>(Toxapex lost 88% of its health!)</small><br></div><div class="spacer battle-history"><br></div><div class="battle-history">Toxapex fainted!<br></div><div class="spacer battle-history"><br></div><div class="battle-history"><strong>Phantom0rion</strong> won the battle!<br></div><div class="chat chatmessage-phantom0rion"><strong style="color:#0aa74e"><span class="username"><small class="groupsymbol">☆</small>Phantom0rion</span>:</strong> <em>gg</em></div><div class="chat chatmessage-serendipidu"><strong style="color:#7c53d9"><span class="username"><small class="groupsymbol"> </small>serendipidu</span>:</strong> <em>gg sry for wait</em></div></div><div class="inner-preempt message-log"></div></div></div>
</div>
<script>
let daily = Math.floor(Date.now()/1000/60/60/24);document.write('<script src="https://play.pokemonshowdown.com/js/replay-embed.js?version'+daily+'"></'+'script>');
</script>
