<!DOCTYPE html>
<meta charset="utf-8" />
<!-- version 1 -->
<title>[Gen 9] NatDex Draft replay: reliantcoley vs. frog34</title>
<style>
html,body {font-family:Verdana, sans-serif;font-size:10pt;margin:0;padding:0;}body{padding:12px 0;} .battle-log {font-family:Verdana, sans-serif;font-size:10pt;} .battle-log-inline {border:1px solid #AAAAAA;background:#EEF2F5;color:black;max-width:640px;margin:0 auto 80px;padding-bottom:5px;} .battle-log .inner {padding:4px 8px 0px 8px;} .battle-log .inner-preempt {padding:0 8px 4px 8px;} .battle-log .inner-after {margin-top:0.5em;} .battle-log h2 {margin:0.5em -8px;padding:4px 8px;border:1px solid #AAAAAA;background:#E0E7EA;border-left:0;border-right:0;font-family:Verdana, sans-serif;font-size:13pt;} .battle-log .chat {vertical-align:middle;padding:3px 0 3px 0;font-size:8pt;} .battle-log .chat strong {color:#40576A;} .battle-log .chat em {padding:1px 4px 1px 3px;color:#000000;font-style:normal;} .chat.mine {background:rgba(0,0,0,0.05);margin-left:-8px;margin-right:-8px;padding-left:8px;padding-right:8px;} .spoiler {color:#BBBBBB;background:#BBBBBB;padding:0px 3px;} .spoiler:hover, .spoiler:active, .spoiler-shown {color:#000000;background:#E2E2E2;padding:0px 3px;} .spoiler a {color:#BBBBBB;} .spoiler:hover a, .spoiler:active a, .spoiler-shown a {color:#2288CC;} .chat code, .chat .spoiler:hover code, .chat .spoiler:active code, .chat .spoiler-shown code {border:1px solid #C0C0C0;background:#EEEEEE;color:black;padding:0 2px;} .chat .spoiler code {border:1px solid #CCCCCC;background:#CCCCCC;color:#CCCCCC;} .battle-log .rated {padding:3px 4px;} .battle-log .rated strong {color:white;background:#89A;padding:1px 4px;border-radius:4px;} .spacer {margin-top:0.5em;} .message-announce {background:#6688AA;color:white;padding:1px 4px 2px;} .message-announce a, .broadcast-green a, .broadcast-blue a, .broadcast-red a {color:#DDEEFF;} .broadcast-green {background-color:#559955;color:white;padding:2px 4px;} .broadcast-blue {background-color:#6688AA;color:white;padding:2px 4px;} .infobox {border:1px solid #6688AA;padding:2px 4px;} .infobox-limited {max-height:200px;overflow:auto;overflow-x:hidden;} .broadcast-red {background-color:#AA5544;color:white;padding:2px 4px;} .message-learn-canlearn {font-weight:bold;color:#228822;text-decoration:underline;} .message-learn-cannotlearn {font-weight:bold;color:#CC2222;text-decoration:underline;} .message-effect-weak {font-weight:bold;color:#CC2222;} .message-effect-resist {font-weight:bold;color:#6688AA;} .message-effect-immune {font-weight:bold;color:#666666;} .message-learn-list {margin-top:0;margin-bottom:0;} .message-throttle-notice, .message-error {color:#992222;} .message-overflow, .chat small.message-overflow {font-size:0pt;} .message-overflow::before {font-size:9pt;content:'...';} .subtle {color:#3A4A66;}
</style>
<div class="wrapper replay-wrapper" style="max-width:1180px;margin:0 auto">
<input type="hidden" name="replayid" value="gen9natdexdraft-2438600073" />
<div class="battle"></div><div class="battle-log"></div><div class="replay-controls"></div><div class="replay-controls-2"></div>
<h1 style="font-weight:normal;text-align:center"><strong>[Gen 9] NatDex Draft</strong><br /><a href="http://pokemonshowdown.com/users/reliantcoley" class="subtle" target="_blank">reliantcoley</a> vs. <a href="http://pokemonshowdown.com/users/frog34" class="subtle" target="_blank">frog34</a></h1>
<script type="text/plain" class="battle-log-data">
|j|☆reliantcoley
|j|☆frog34
|t:|1757466734
|gametype|singles
|player|p1|reliantcoley|grimsley|
|player|p2|frog34|waiter-gen4dp|
|gen|9
|tier|[Gen 9] NatDex Draft
|rule|Tera Type Preview: Tera Types are shown at Team Preview
|rule|Sleep Clause Mod: Limit one foe put to sleep
|rule|OHKO Clause: OHKO moves are banned
|rule|Evasion Clause: Evasion abilities, items, and moves are banned
|rule|Evasion Abilities Clause: Evasion abilities are banned
|rule|Evasion Items Clause: Evasion items are banned
|rule|Evasion Moves Clause: Evasion moves are banned
|rule|Endless Battle Clause: Forcing endless battles is banned
|rule|HP Percentage Mod: HP is shown in percentages
|raw|<div class="infobox"><details class="readmore" open><summary><strong>1 custom rule:<\/strong><\/summary> Tera Type Preview<\/details><\/div>
|clearpoke
|poke|p1|Klefki, M|
|poke|p1|Cobalion|
|poke|p1|Zekrom|
|poke|p1|Chien-Pao|
|poke|p1|Slowking-Galar, M|
|poke|p1|Rotom-Wash|
|poke|p2|Groudon|
|poke|p2|Dialga|
|poke|p2|Raging Bolt|
|poke|p2|Walking Wake|
|poke|p2|Heatran, M|
|poke|p2|Slither Wing|
|raw|reliantcoley's Tera Types:<br \/><psicon pokemon="klefki" \/><psicon type="Steel" \/> \/ <psicon pokemon="cobalion" \/><psicon type="Flying" \/> \/ <psicon pokemon="zekrom" \/><psicon type="Fairy" \/> \/ <psicon pokemon="chienpao" \/><psicon type="Dark" \/> \/ <psicon pokemon="slowkinggalar" \/><psicon type="Water" \/> \/ <psicon pokemon="rotomwash" \/><psicon type="Water" \/>
|raw|frog34's Tera Types:<br \/><psicon pokemon="groudon" \/><psicon type="Ground" \/> \/ <psicon pokemon="dialga" \/><psicon type="Steel" \/> \/ <psicon pokemon="ragingbolt" \/><psicon type="Fairy" \/> \/ <psicon pokemon="walkingwake" \/><psicon type="Water" \/> \/ <psicon pokemon="heatran" \/><psicon type="Fire" \/> \/ <psicon pokemon="slitherwing" \/><psicon type="Bug" \/>
|teampreview
|j| Bunnnies
|j| serendipidu
|c|☆reliantcoley|glhf!
|j| phantom0rion
|c|☆frog34|hf
|j| Crown Oji
|
|t:|1757466799
|teamsize|p1|6
|teamsize|p2|6
|start
|switch|p1a: Rotom|Rotom-Wash|100\/100
|switch|p2a: we're|Groudon|100\/100
|-weather|SunnyDay|[from] ability: Drought|[of] p2a: we're
|turn|1
|c|☆frog34|!servertime
|c| frog34|\/raw <div class="infobox">Server time: <b>9\/10\/2025, 1:13:41 AM<\/b><\/div>
|
|t:|1757466825
|move|p1a: Rotom|Will-O-Wisp|p2a: we're|[miss]
|-miss|p1a: Rotom|p2a: we're
|move|p2a: we're|Toxic|p1a: Rotom
|-status|p1a: Rotom|tox
|
|-weather|SunnyDay|[upkeep]
|-damage|p1a: Rotom|95\/100 tox|[from] psn
|upkeep
|turn|2
|
|t:|1757466857
|move|p1a: Rotom|Will-O-Wisp|p2a: we're
|-status|p2a: we're|brn
|move|p2a: we're|Stealth Rock|p1a: Rotom
|-sidestart|p1: reliantcoley|move: Stealth Rock
|
|-weather|SunnyDay|[upkeep]
|-damage|p1a: Rotom|83\/100 tox|[from] psn
|-damage|p2a: we're|94\/100 brn|[from] brn
|upkeep
|turn|3
|
|t:|1757466895
|switch|p1a: Cobalion|Cobalion|100\/100
|-damage|p1a: Cobalion|97\/100|[from] Stealth Rock
|switch|p2a: strangers|Raging Bolt|100\/100
|-activate|p2a: strangers|ability: Protosynthesis
|-start|p2a: strangers|protosynthesisspa
|
|-weather|SunnyDay|[upkeep]
|upkeep
|turn|4
|
|t:|1757466915
|move|p1a: Cobalion|Stealth Rock|p2a: strangers
|-sidestart|p2: frog34|move: Stealth Rock
|move|p2a: strangers|Calm Mind|p2a: strangers
|-boost|p2a: strangers|spa|1
|-boost|p2a: strangers|spd|1
|
|-weather|SunnyDay|[upkeep]
|upkeep
|turn|5
|
|t:|1757466918
|move|p1a: Cobalion|Taunt|p2a: strangers
|-start|p2a: strangers|move: Taunt
|move|p2a: strangers|Thunderbolt|p1a: Cobalion
|-damage|p1a: Cobalion|0 fnt
|faint|p1a: Cobalion
|
|-weather|SunnyDay|[upkeep]
|upkeep
|
|t:|1757466933
|switch|p1a: Klefki|Klefki, M|100\/100
|-damage|p1a: Klefki|95\/100|[from] Stealth Rock
|turn|6
|
|t:|1757466939
|move|p1a: Klefki|Light Screen|p1a: Klefki
|-sidestart|p1: reliantcoley|move: Light Screen
|move|p2a: strangers|Thunderbolt|p1a: Klefki
|-crit|p1a: Klefki
|-damage|p1a: Klefki|0 fnt
|faint|p1a: Klefki
|
|-weather|SunnyDay|[upkeep]
|upkeep
|
|t:|1757466955
|switch|p1a: Chien-Pao|Chien-Pao|100\/100
|-ability|p1a: Chien-Pao|Sword of Ruin
|turn|7
|
|t:|1757466960
|-terastallize|p2a: strangers|Fairy
|move|p1a: Chien-Pao|Icicle Crash|p2a: strangers
|-crit|p2a: strangers
|-damage|p2a: strangers|34\/100
|move|p2a: strangers|Tera Blast|p1a: Chien-Pao|[anim] Tera Blast Fairy
|-supereffective|p1a: Chien-Pao
|-damage|p1a: Chien-Pao|0 fnt
|faint|p1a: Chien-Pao
|
|-weather|SunnyDay|[upkeep]
|-heal|p2a: strangers|40\/100|[from] item: Leftovers
|-end|p2a: strangers|move: Taunt
|upkeep
|
|t:|1757466977
|switch|p1a: Slowking|Slowking-Galar, M|100\/100
|turn|8
|
|t:|1757466990
|-end|p2a: strangers|Protosynthesis|[silent]
|switch|p2a: no|Dialga|100\/100
|-damage|p2a: no|94\/100|[from] Stealth Rock
|-ability|p2a: no|Pressure
|move|p1a: Slowking|Sludge Bomb|p2a: no
|-immune|p2a: no
|
|-weather|none
|upkeep
|turn|9
|
|t:|1757467002
|move|p2a: no|Earthquake|p1a: Slowking
|-supereffective|p1a: Slowking
|-damage|p1a: Slowking|50\/100
|move|p1a: Slowking|Focus Blast|p2a: no
|-supereffective|p2a: no
|-crit|p2a: no
|-damage|p2a: no|21\/100
|
|upkeep
|turn|10
|
|t:|1757467010
|switch|p1a: Rotom|Rotom-Wash|83\/100 tox
|-damage|p1a: Rotom|70\/100 tox|[from] Stealth Rock
|move|p2a: no|Earthquake|p1a: Rotom
|-immune|p1a: Rotom|[from] ability: Levitate
|
|-damage|p1a: Rotom|65\/100 tox|[from] psn
|upkeep
|turn|11
|
|t:|1757467023
|move|p1a: Rotom|Hydro Pump|p2a: no
|-resisted|p2a: no
|-damage|p2a: no|9\/100
|move|p2a: no|Draco Meteor|p1a: Rotom
|-crit|p1a: Rotom
|-damage|p1a: Rotom|0 fnt
|-unboost|p2a: no|spa|2
|faint|p1a: Rotom
|
|upkeep
|
|t:|1757467031
|switch|p1a: Zekrom|Zekrom|100\/100
|-damage|p1a: Zekrom|88\/100|[from] Stealth Rock
|-ability|p1a: Zekrom|Teravolt
|turn|12
|c| serendipidu|crit crit crit crit crit
|
|t:|1757467041
|move|p1a: Zekrom|Volt Switch|p2a: no
|-resisted|p2a: no
|-damage|p2a: no|0 fnt
|faint|p2a: no
|
|t:|1757467043
|switch|p1a: Slowking|Slowking-Galar, M|83\/100|[from] Volt Switch
|
|upkeep
|
|t:|1757467050
|switch|p2a: SlissionImpossible|Slither Wing|100\/100
|turn|13
|
|t:|1757467060
|move|p2a: SlissionImpossible|U-turn|p1a: Slowking
|-damage|p1a: Slowking|39\/100
|
|t:|1757467063
|-end|p2a: SlissionImpossible|Protosynthesis|[silent]
|switch|p2a: we're|Groudon|94\/100 brn|[from] U-turn
|-damage|p2a: we're|88\/100 brn|[from] Stealth Rock
|-weather|SunnyDay|[from] ability: Drought|[of] p2a: we're
|-prepare|p1a: Slowking|Chilly Reception|[premajor]
|move|p1a: Slowking|Chilly Reception|p1a: Slowking
|-weather|Snowscape
|
|t:|1757467070
|switch|p1a: Zekrom|Zekrom|88\/100|[from] Chilly Reception
|-damage|p1a: Zekrom|76\/100|[from] Stealth Rock
|-ability|p1a: Zekrom|Teravolt
|
|-weather|Snowscape|[upkeep]
|-damage|p2a: we're|82\/100 brn|[from] brn
|-sideend|p1: reliantcoley|move: Light Screen
|upkeep
|turn|14
|
|t:|1757467075
|move|p1a: Zekrom|Draco Meteor|p2a: we're|[miss]
|-miss|p1a: Zekrom|p2a: we're
|move|p2a: we're|Precipice Blades|p1a: Zekrom
|-supereffective|p1a: Zekrom
|-damage|p1a: Zekrom|24\/100
|
|-weather|Snowscape|[upkeep]
|-damage|p2a: we're|76\/100 brn|[from] brn
|upkeep
|turn|15
|
|t:|1757467080
|switch|p1a: Slowking|Slowking-Galar, M|73\/100
|move|p2a: we're|Precipice Blades|p1a: Slowking
|-supereffective|p1a: Slowking
|-damage|p1a: Slowking|9\/100
|
|-weather|Snowscape|[upkeep]
|-damage|p2a: we're|69\/100 brn|[from] brn
|upkeep
|turn|16
|
|t:|1757467085
|move|p2a: we're|Overheat|p1a: Slowking
|-damage|p1a: Slowking|0 fnt
|-unboost|p2a: we're|spa|2
|faint|p1a: Slowking
|
|-weather|Snowscape|[upkeep]
|-damage|p2a: we're|63\/100 brn|[from] brn
|upkeep
|
|t:|1757467087
|switch|p1a: Zekrom|Zekrom|24\/100
|-damage|p1a: Zekrom|11\/100|[from] Stealth Rock
|-ability|p1a: Zekrom|Teravolt
|turn|17
|
|t:|1757467090
|move|p1a: Zekrom|Earth Power|p2a: we're
|-damage|p2a: we're|22\/100 brn
|move|p2a: we're|Precipice Blades|p1a: Zekrom
|-supereffective|p1a: Zekrom
|-damage|p1a: Zekrom|0 fnt
|faint|p1a: Zekrom
|
|win|frog34
|c|☆reliantcoley|gg
|c|☆frog34|gg
|c|☆frog34|mb for crits
|l| Bunnnies
|c|☆reliantcoley|its cool
|c|☆reliantcoley|bad prep
|j| 25Days

</script>
</div>
<div class="battle-log battle-log-inline"><div class="inner"><div class="battle-options"></div><div class="inner message-log"><div class="chat"><small>☆reliantcoley and ☆frog34 joined</small></div><div class=""><small>Format:</small> <br><strong>[Gen 9] NatDex Draft</strong></div><div class=""><small><em>Tera Type Preview:</em> Tera Types are shown at Team Preview</small></div><div class=""><small><em>Sleep Clause Mod:</em> Limit one foe put to sleep</small></div><div class=""><small><em>OHKO Clause:</em> OHKO moves are banned</small></div><div class=""><small><em>Evasion Clause:</em> Evasion abilities, items, and moves are banned</small></div><div class=""><small><em>Evasion Abilities Clause:</em> Evasion abilities are banned</small></div><div class=""><small><em>Evasion Items Clause:</em> Evasion items are banned</small></div><div class=""><small><em>Evasion Moves Clause:</em> Evasion moves are banned</small></div><div class=""><small><em>Endless Battle Clause:</em> Forcing endless battles is banned</small></div><div class=""><small><em>HP Percentage Mod:</em> HP is shown in percentages</small></div><div class="chat"><div class="infobox"><details class="readmore" open=""><summary><strong>1 custom rule:</strong></summary> Tera Type Preview</details></div></div><div class="chat">reliantcoley's Tera Types:<br><span class="picon" style="background:transparent url(https://play.pokemonshowdown.com/sprites/pokemonicons-sheet.png?v19) no-repeat scroll -440px -1740px"></span><img src="https://play.pokemonshowdown.com/sprites/types/Steel.png" alt="Steel" height="14" width="32" class="pixelated"> / <span class="picon" style="background:transparent url(https://play.pokemonshowdown.com/sprites/pokemonicons-sheet.png?v19) no-repeat scroll -80px -1590px"></span><img src="https://play.pokemonshowdown.com/sprites/types/Flying.png" alt="Flying" height="14" width="32" class="pixelated"> / <span class="picon" style="background:transparent url(https://play.pokemonshowdown.com/sprites/pokemonicons-sheet.png?v19) no-repeat scroll -320px -1590px"></span><img src="https://play.pokemonshowdown.com/sprites/types/Fairy.png" alt="Fairy" height="14" width="32" class="pixelated"> / <span class="picon" style="background:transparent url(https://play.pokemonshowdown.com/sprites/pokemonicons-sheet.png?v19) no-repeat scroll -240px -2490px"></span><img src="https://play.pokemonshowdown.com/sprites/types/Dark.png" alt="Dark" height="14" width="32" class="pixelated"> / <span class="picon" style="background:transparent url(https://play.pokemonshowdown.com/sprites/pokemonicons-sheet.png?v19) no-repeat scroll -440px -3060px"></span><img src="https://play.pokemonshowdown.com/sprites/types/Water.png" alt="Water" height="14" width="32" class="pixelated"> / <span class="picon" style="background:transparent url(https://play.pokemonshowdown.com/sprites/pokemonicons-sheet.png?v19) no-repeat scroll -160px -2700px"></span><img src="https://play.pokemonshowdown.com/sprites/types/Water.png" alt="Water" height="14" width="32" class="pixelated"></div><div class="chat">frog34's Tera Types:<br><span class="picon" style="background:transparent url(https://play.pokemonshowdown.com/sprites/pokemonicons-sheet.png?v19) no-repeat scroll -440px -930px"></span><img src="https://play.pokemonshowdown.com/sprites/types/Ground.png" alt="Ground" height="14" width="32" class="pixelated"> / <span class="picon" style="background:transparent url(https://play.pokemonshowdown.com/sprites/pokemonicons-sheet.png?v19) no-repeat scroll -120px -1200px"></span><img src="https://play.pokemonshowdown.com/sprites/types/Steel.png" alt="Steel" height="14" width="32" class="pixelated"> / <span class="picon" style="background:transparent url(https://play.pokemonshowdown.com/sprites/pokemonicons-sheet.png?v19) no-repeat scroll -40px -2550px"></span><img src="https://play.pokemonshowdown.com/sprites/types/Fairy.png" alt="Fairy" height="14" width="32" class="pixelated"> / <span class="picon" style="background:transparent url(https://play.pokemonshowdown.com/sprites/pokemonicons-sheet.png?v19) no-repeat scroll -40px -2520px"></span><img src="https://play.pokemonshowdown.com/sprites/types/Water.png" alt="Water" height="14" width="32" class="pixelated"> / <span class="picon" style="background:transparent url(https://play.pokemonshowdown.com/sprites/pokemonicons-sheet.png?v19) no-repeat scroll -200px -1200px"></span><img src="https://play.pokemonshowdown.com/sprites/types/Fire.png" alt="Fire" height="14" width="32" class="pixelated"> / <span class="picon" style="background:transparent url(https://play.pokemonshowdown.com/sprites/pokemonicons-sheet.png?v19) no-repeat scroll -160px -2460px"></span><img src="https://play.pokemonshowdown.com/sprites/types/Bug.png" alt="Bug" height="14" width="32" class="pixelated"></div><div class="chat battle-history"><strong>reliantcoley's team:</strong> <em style="color:#445566;display:block;">Klefki / Cobalion / Zekrom / Chien-Pao / Slowking-Galar / Rotom-Wash</em></div><div class="chat battle-history"><strong>frog34's team:</strong> <em style="color:#445566;display:block;">Groudon / Dialga / Raging Bolt / Walking Wake / Heatran / Slither Wing</em></div><div class="chat"><small> Bunnnies and  serendipidu joined</small></div><div class="chat chatmessage-reliantcoley"><strong style="color:#9727e7"><small class="groupsymbol">☆</small><span class="username">reliantcoley</span>:</strong> <em>glhf!</em></div><div class="chat"><small> phantom0rion joined</small></div><div class="chat chatmessage-frog34"><strong style="color:#3fa716"><small class="groupsymbol">☆</small><span class="username">frog34</span>:</strong> <em>hf</em></div><div class="chat"><small> Crown Oji joined</small></div><div class="spacer battle-history"><br></div><div class="battle-history">Battle started between reliantcoley and frog34!<br></div><div class="spacer battle-history"><br></div><div class="battle-history">Go! Rotom (<strong>Rotom-Wash</strong>)!<br></div><div class="spacer battle-history"><br></div><div class="battle-history">frog34 sent out we're (<strong>Groudon</strong>)!<br></div><div class="battle-history">[The opposing we're's Drought]<br><small>The sunlight turned harsh!</small><br></div><div class="spacer battle-history"><br></div><h2 class="battle-history">Turn 1</h2><div class="chat chatmessage-frog34"><strong style="color:#3fa716"><small class="groupsymbol">☆</small><span class="username">frog34</span>:</strong> <em>!servertime</em></div><div class="chat"><div class="infobox">Server time: <b>9/10/2025, 1:13:41 AM</b></div></div><div class="spacer battle-history"><br></div><div class="battle-history">Rotom used <strong>Will-O-Wisp</strong>!<br></div><div class="battle-history"><small>The opposing we're avoided the attack!</small><br></div><div class="spacer battle-history"><br></div><div class="battle-history">The opposing we're used <strong>Toxic</strong>!<br></div><div class="battle-history"><small>Rotom was badly poisoned!</small><br></div><div class="spacer battle-history"><br></div><div class="battle-history"><small>(The sunlight is strong.)</small><br></div><div class="battle-history"><small>Rotom was hurt by poison!</small><br></div><div class="spacer battle-history"><br></div><h2 class="battle-history">Turn 2</h2><div class="spacer battle-history"><br></div><div class="battle-history">Rotom used <strong>Will-O-Wisp</strong>!<br></div><div class="battle-history"><small>The opposing we're was burned!</small><br></div><div class="spacer battle-history"><br></div><div class="battle-history">The opposing we're used <strong>Stealth Rock</strong>!<br></div><div class="battle-history"><small>Pointed stones float in the air around your team!</small><br></div><div class="spacer battle-history"><br></div><div class="battle-history"><small>(The sunlight is strong.)</small><br></div><div class="battle-history"><small>Rotom was hurt by poison!</small><br></div><div class="battle-history"><small>The opposing we're was hurt by its burn!</small><br></div><div class="spacer battle-history"><br></div><h2 class="battle-history">Turn 3</h2><div class="spacer battle-history"><br></div><div class="battle-history">Rotom, come back!<br></div><div class="battle-history">Go! <strong>Cobalion</strong>!<br></div><div class="battle-history"><small>Pointed stones dug into Cobalion!</small><br></div><div class="spacer battle-history"><br></div><div class="battle-history">frog34 withdrew we're!<br></div><div class="battle-history">frog34 sent out strangers (<strong>Raging Bolt</strong>)!<br></div><div class="battle-history">[The opposing strangers's Protosynthesis]<br><small>The harsh sunlight activated the opposing strangers's Protosynthesis!</small><br></div><div class="battle-history"><small>The opposing strangers's Sp. Atk was heightened!</small><br></div><div class="spacer battle-history"><br></div><div class="battle-history"><small>(The sunlight is strong.)</small><br></div><div class="spacer battle-history"><br></div><h2 class="battle-history">Turn 4</h2><div class="spacer battle-history"><br></div><div class="battle-history">Cobalion used <strong>Stealth Rock</strong>!<br></div><div class="battle-history"><small>Pointed stones float in the air around the opposing team!</small><br></div><div class="spacer battle-history"><br></div><div class="battle-history">The opposing strangers used <strong>Calm Mind</strong>!<br></div><div class="battle-history"><small>The opposing strangers's Sp. Atk rose!</small><br></div><div class="battle-history"><small>The opposing strangers's Sp. Def rose!</small><br></div><div class="spacer battle-history"><br></div><div class="battle-history"><small>(The sunlight is strong.)</small><br></div><div class="spacer battle-history"><br></div><h2 class="battle-history">Turn 5</h2><div class="spacer battle-history"><br></div><div class="battle-history">Cobalion used <strong>Taunt</strong>!<br></div><div class="battle-history"><small>The opposing strangers fell for the taunt!</small><br></div><div class="spacer battle-history"><br></div><div class="battle-history">The opposing strangers used <strong>Thunderbolt</strong>!<br></div><div class="battle-history"><small>(Cobalion lost 97% of its health!)</small><br></div><div class="spacer battle-history"><br></div><div class="battle-history">Cobalion fainted!<br></div><div class="spacer battle-history"><br></div><div class="battle-history"><small>(The sunlight is strong.)</small><br></div><div class="spacer battle-history"><br></div><div class="battle-history">Go! <strong>Klefki</strong>!<br></div><div class="battle-history"><small>Pointed stones dug into Klefki!</small><br></div><div class="spacer battle-history"><br></div><h2 class="battle-history">Turn 6</h2><div class="spacer battle-history"><br></div><div class="battle-history">Klefki used <strong>Light Screen</strong>!<br></div><div class="battle-history"><small>Light Screen made your team stronger against special moves!</small><br></div><div class="spacer battle-history"><br></div><div class="battle-history">The opposing strangers used <strong>Thunderbolt</strong>!<br></div><div class="battle-history"><small>A critical hit!</small><br></div><div class="battle-history"><small>(Klefki lost 95% of its health!)</small><br></div><div class="spacer battle-history"><br></div><div class="battle-history">Klefki fainted!<br></div><div class="spacer battle-history"><br></div><div class="battle-history"><small>(The sunlight is strong.)</small><br></div><div class="spacer battle-history"><br></div><div class="battle-history">Go! <strong>Chien-Pao</strong>!<br></div><div class="battle-history">[Chien-Pao's Sword of Ruin]<br><small>Chien-Pao's Sword of Ruin weakened the Defense of all surrounding Pokémon!</small><br></div><div class="spacer battle-history"><br></div><h2 class="battle-history">Turn 7</h2><div class="spacer battle-history"><br></div><div class="battle-history"><small>The opposing strangers has Terastallized into the Fairy-type!</small><br></div><div class="spacer battle-history"><br></div><div class="battle-history">Chien-Pao used <strong>Icicle Crash</strong>!<br></div><div class="battle-history"><small>A critical hit!</small><br></div><div class="battle-history"><small>(The opposing strangers lost 66% of its health!)</small><br></div><div class="spacer battle-history"><br></div><div class="battle-history">The opposing strangers used <strong>Tera Blast</strong>!<br></div><div class="battle-history"><small>It's super effective!</small><br></div><div class="battle-history"><small>(Chien-Pao lost 100% of its health!)</small><br></div><div class="spacer battle-history"><br></div><div class="battle-history">Chien-Pao fainted!<br></div><div class="spacer battle-history"><br></div><div class="battle-history"><small>(The sunlight is strong.)</small><br></div><div class="battle-history"><small>The opposing strangers restored a little HP using its Leftovers!</small><br></div><div class="battle-history"><small>The opposing strangers shook off the taunt!</small><br></div><div class="spacer battle-history"><br></div><div class="battle-history">Go! Slowking (<strong>Slowking-Galar</strong>)!<br></div><div class="spacer battle-history"><br></div><h2 class="battle-history">Turn 8</h2><div class="spacer battle-history"><br></div><div class="battle-history">frog34 withdrew strangers!<br></div><div class="battle-history">frog34 sent out no (<strong>Dialga</strong>)!<br></div><div class="battle-history"><small>Pointed stones dug into the opposing no!</small><br></div><div class="battle-history">[The opposing no's Pressure]<br><small>The opposing no is exerting its pressure!</small><br></div><div class="spacer battle-history"><br></div><div class="battle-history">Slowking used <strong>Sludge Bomb</strong>!<br></div><div class="battle-history"><small>It doesn't affect the opposing no...</small><br></div><div class="spacer battle-history"><br></div><div class="battle-history"><small>The harsh sunlight faded.</small><br></div><div class="spacer battle-history"><br></div><h2 class="battle-history">Turn 9</h2><div class="spacer battle-history"><br></div><div class="battle-history">The opposing no used <strong>Earthquake</strong>!<br></div><div class="battle-history"><small>It's super effective!</small><br></div><div class="battle-history"><small>(Slowking lost 50% of its health!)</small><br></div><div class="spacer battle-history"><br></div><div class="battle-history">Slowking used <strong>Focus Blast</strong>!<br></div><div class="battle-history"><small>It's super effective!</small><br></div><div class="battle-history"><small>A critical hit!</small><br></div><div class="battle-history"><small>(The opposing no lost 73% of its health!)</small><br></div><div class="spacer battle-history"><br></div><h2 class="battle-history">Turn 10</h2><div class="spacer battle-history"><br></div><div class="battle-history">Slowking, come back!<br></div><div class="battle-history">Go! Rotom (<strong>Rotom-Wash</strong>)!<br></div><div class="battle-history"><small>Pointed stones dug into Rotom!</small><br></div><div class="spacer battle-history"><br></div><div class="battle-history">The opposing no used <strong>Earthquake</strong>!<br></div><div class="battle-history">[Rotom's Levitate]<br><small>It doesn't affect Rotom...</small><br></div><div class="spacer battle-history"><br></div><div class="battle-history"><small>Rotom was hurt by poison!</small><br></div><div class="spacer battle-history"><br></div><h2 class="battle-history">Turn 11</h2><div class="spacer battle-history"><br></div><div class="battle-history">Rotom used <strong>Hydro Pump</strong>!<br></div><div class="battle-history"><small>It's not very effective...</small><br></div><div class="battle-history"><small>(The opposing no lost 12% of its health!)</small><br></div><div class="spacer battle-history"><br></div><div class="battle-history">The opposing no used <strong>Draco Meteor</strong>!<br></div><div class="battle-history"><small>A critical hit!</small><br></div><div class="battle-history"><small>(Rotom lost 65% of its health!)</small><br></div><div class="battle-history"><small>The opposing no's Sp. Atk fell harshly!</small><br></div><div class="spacer battle-history"><br></div><div class="battle-history">Rotom fainted!<br></div><div class="spacer battle-history"><br></div><div class="battle-history">Go! <strong>Zekrom</strong>!<br></div><div class="battle-history"><small>Pointed stones dug into Zekrom!</small><br></div><div class="battle-history">[Zekrom's Teravolt]<br><small>Zekrom is radiating a bursting aura!</small><br></div><div class="spacer battle-history"><br></div><h2 class="battle-history">Turn 12</h2><div class="chat chatmessage-serendipidu"><strong style="color:#7c53d9"><small class="groupsymbol"> </small><span class="username">serendipidu</span>:</strong> <em>crit crit crit crit crit</em></div><div class="spacer battle-history"><br></div><div class="battle-history">Zekrom used <strong>Volt Switch</strong>!<br></div><div class="battle-history"><small>It's not very effective...</small><br></div><div class="battle-history"><small>(The opposing no lost 9% of its health!)</small><br></div><div class="spacer battle-history"><br></div><div class="battle-history">The opposing no fainted!<br></div><div class="spacer battle-history"><br></div><div class="battle-history">Zekrom went back to reliantcoley!<br></div><div class="battle-history">Go! Slowking (<strong>Slowking-Galar</strong>)!<br></div><div class="spacer battle-history"><br></div><div class="battle-history">frog34 sent out SlissionImpossible (<strong>Slither Wing</strong>)!<br></div><div class="spacer battle-history"><br></div><h2 class="battle-history">Turn 13</h2><div class="spacer battle-history"><br></div><div class="battle-history">The opposing SlissionImpossible used <strong>U-turn</strong>!<br></div><div class="battle-history"><small>(Slowking lost 44% of its health!)</small><br></div><div class="spacer battle-history"><br></div><div class="battle-history">The opposing SlissionImpossible went back to frog34!<br></div><div class="battle-history">frog34 sent out we're (<strong>Groudon</strong>)!<br></div><div class="battle-history"><small>Pointed stones dug into the opposing we're!</small><br></div><div class="battle-history">[The opposing we're's Drought]<br><small>The sunlight turned harsh!</small><br></div><div class="spacer battle-history"><br></div><div class="battle-history"><small>Slowking is preparing to tell a chillingly bad joke!</small><br></div><div class="battle-history">Slowking used <strong>Chilly Reception</strong>!<br></div><div class="battle-history"><small>It started to snow!</small><br></div><div class="spacer battle-history"><br></div><div class="battle-history">Slowking, come back!<br></div><div class="battle-history">Go! <strong>Zekrom</strong>!<br></div><div class="battle-history"><small>Pointed stones dug into Zekrom!</small><br></div><div class="battle-history">[Zekrom's Teravolt]<br><small>Zekrom is radiating a bursting aura!</small><br></div><div class="spacer battle-history"><br></div><div class="battle-history"><small>(The snow is falling down.)</small><br></div><div class="battle-history"><small>The opposing we're was hurt by its burn!</small><br></div><div class="battle-history"><small>Your team's Light Screen wore off!</small><br></div><div class="spacer battle-history"><br></div><h2 class="battle-history">Turn 14</h2><div class="spacer battle-history"><br></div><div class="battle-history">Zekrom used <strong>Draco Meteor</strong>!<br></div><div class="battle-history"><small>The opposing we're avoided the attack!</small><br></div><div class="spacer battle-history"><br></div><div class="battle-history">The opposing we're used <strong>Precipice Blades</strong>!<br></div><div class="battle-history"><small>It's super effective!</small><br></div><div class="battle-history"><small>(Zekrom lost 52% of its health!)</small><br></div><div class="spacer battle-history"><br></div><div class="battle-history"><small>(The snow is falling down.)</small><br></div><div class="battle-history"><small>The opposing we're was hurt by its burn!</small><br></div><div class="spacer battle-history"><br></div><h2 class="battle-history">Turn 15</h2><div class="spacer battle-history"><br></div><div class="battle-history">Zekrom, come back!<br></div><div class="battle-history">Go! Slowking (<strong>Slowking-Galar</strong>)!<br></div><div class="spacer battle-history"><br></div><div class="battle-history">The opposing we're used <strong>Precipice Blades</strong>!<br></div><div class="battle-history"><small>It's super effective!</small><br></div><div class="battle-history"><small>(Slowking lost 64% of its health!)</small><br></div><div class="spacer battle-history"><br></div><div class="battle-history"><small>(The snow is falling down.)</small><br></div><div class="battle-history"><small>The opposing we're was hurt by its burn!</small><br></div><div class="spacer battle-history"><br></div><h2 class="battle-history">Turn 16</h2><div class="spacer battle-history"><br></div><div class="battle-history">The opposing we're used <strong>Overheat</strong>!<br></div><div class="battle-history"><small>(Slowking lost 9% of its health!)</small><br></div><div class="battle-history"><small>The opposing we're's Sp. Atk fell harshly!</small><br></div><div class="spacer battle-history"><br></div><div class="battle-history">Slowking fainted!<br></div><div class="spacer battle-history"><br></div><div class="battle-history"><small>(The snow is falling down.)</small><br></div><div class="battle-history"><small>The opposing we're was hurt by its burn!</small><br></div><div class="spacer battle-history"><br></div><div class="battle-history">Go! <strong>Zekrom</strong>!<br></div><div class="battle-history"><small>Pointed stones dug into Zekrom!</small><br></div><div class="battle-history">[Zekrom's Teravolt]<br><small>Zekrom is radiating a bursting aura!</small><br></div><div class="spacer battle-history"><br></div><h2 class="battle-history">Turn 17</h2><div class="spacer battle-history"><br></div><div class="battle-history">Zekrom used <strong>Earth Power</strong>!<br></div><div class="battle-history"><small>(The opposing we're lost 41% of its health!)</small><br></div><div class="spacer battle-history"><br></div><div class="battle-history">The opposing we're used <strong>Precipice Blades</strong>!<br></div><div class="battle-history"><small>It's super effective!</small><br></div><div class="battle-history"><small>(Zekrom lost 11% of its health!)</small><br></div><div class="spacer battle-history"><br></div><div class="battle-history">Zekrom fainted!<br></div><div class="spacer battle-history"><br></div><div class="battle-history"><strong>frog34</strong> won the battle!<br></div><div class="chat chatmessage-reliantcoley"><strong style="color:#9727e7"><small class="groupsymbol">☆</small><span class="username">reliantcoley</span>:</strong> <em>gg</em></div><div class="chat chatmessage-frog34"><strong style="color:#3fa716"><small class="groupsymbol">☆</small><span class="username">frog34</span>:</strong> <em>gg</em></div><div class="chat chatmessage-frog34"><strong style="color:#3fa716"><small class="groupsymbol">☆</small><span class="username">frog34</span>:</strong> <em>mb for crits</em></div><div class="chat"><small> Bunnnies left</small></div><div class="chat chatmessage-reliantcoley"><strong style="color:#9727e7"><small class="groupsymbol">☆</small><span class="username">reliantcoley</span>:</strong> <em>its cool</em></div><div class="chat chatmessage-reliantcoley"><strong style="color:#9727e7"><small class="groupsymbol">☆</small><span class="username">reliantcoley</span>:</strong> <em>bad prep</em></div><div class="chat"><small> 25Days joined</small></div></div><div class="inner-preempt message-log"></div></div></div>
</div>
<script>
let daily = Math.floor(Date.now()/1000/60/60/24);document.write('<script src="https://play.pokemonshowdown.com/js/replay-embed.js?version'+daily+'"></'+'script>');
</script>
