<!DOCTYPE html>
<meta charset="utf-8" />
<!-- version 1 -->
<title>[Gen 9] NatDex Draft replay: Conundromic vs. reliantcoley</title>
<style>
html,body {font-family:Verdana, sans-serif;font-size:10pt;margin:0;padding:0;}body{padding:12px 0;} .battle-log {font-family:Verdana, sans-serif;font-size:10pt;} .battle-log-inline {border:1px solid #AAAAAA;background:#EEF2F5;color:black;max-width:640px;margin:0 auto 80px;padding-bottom:5px;} .battle-log .inner {padding:4px 8px 0px 8px;} .battle-log .inner-preempt {padding:0 8px 4px 8px;} .battle-log .inner-after {margin-top:0.5em;} .battle-log h2 {margin:0.5em -8px;padding:4px 8px;border:1px solid #AAAAAA;background:#E0E7EA;border-left:0;border-right:0;font-family:Verdana, sans-serif;font-size:13pt;} .battle-log .chat {vertical-align:middle;padding:3px 0 3px 0;font-size:8pt;} .battle-log .chat strong {color:#40576A;} .battle-log .chat em {padding:1px 4px 1px 3px;color:#000000;font-style:normal;} .chat.mine {background:rgba(0,0,0,0.05);margin-left:-8px;margin-right:-8px;padding-left:8px;padding-right:8px;} .spoiler {color:#BBBBBB;background:#BBBBBB;padding:0px 3px;} .spoiler:hover, .spoiler:active, .spoiler-shown {color:#000000;background:#E2E2E2;padding:0px 3px;} .spoiler a {color:#BBBBBB;} .spoiler:hover a, .spoiler:active a, .spoiler-shown a {color:#2288CC;} .chat code, .chat .spoiler:hover code, .chat .spoiler:active code, .chat .spoiler-shown code {border:1px solid #C0C0C0;background:#EEEEEE;color:black;padding:0 2px;} .chat .spoiler code {border:1px solid #CCCCCC;background:#CCCCCC;color:#CCCCCC;} .battle-log .rated {padding:3px 4px;} .battle-log .rated strong {color:white;background:#89A;padding:1px 4px;border-radius:4px;} .spacer {margin-top:0.5em;} .message-announce {background:#6688AA;color:white;padding:1px 4px 2px;} .message-announce a, .broadcast-green a, .broadcast-blue a, .broadcast-red a {color:#DDEEFF;} .broadcast-green {background-color:#559955;color:white;padding:2px 4px;} .broadcast-blue {background-color:#6688AA;color:white;padding:2px 4px;} .infobox {border:1px solid #6688AA;padding:2px 4px;} .infobox-limited {max-height:200px;overflow:auto;overflow-x:hidden;} .broadcast-red {background-color:#AA5544;color:white;padding:2px 4px;} .message-learn-canlearn {font-weight:bold;color:#228822;text-decoration:underline;} .message-learn-cannotlearn {font-weight:bold;color:#CC2222;text-decoration:underline;} .message-effect-weak {font-weight:bold;color:#CC2222;} .message-effect-resist {font-weight:bold;color:#6688AA;} .message-effect-immune {font-weight:bold;color:#666666;} .message-learn-list {margin-top:0;margin-bottom:0;} .message-throttle-notice, .message-error {color:#992222;} .message-overflow, .chat small.message-overflow {font-size:0pt;} .message-overflow::before {font-size:9pt;content:'...';} .subtle {color:#3A4A66;}
</style>
<div class="wrapper replay-wrapper" style="max-width:1180px;margin:0 auto">
<input type="hidden" name="replayid" value="gen9natdexdraft-2432730669" />
<div class="battle"></div><div class="battle-log"></div><div class="replay-controls"></div><div class="replay-controls-2"></div>
<h1 style="font-weight:normal;text-align:center"><strong>[Gen 9] NatDex Draft</strong><br /><a href="http://pokemonshowdown.com/users/conundromic" class="subtle" target="_blank">Conundromic</a> vs. <a href="http://pokemonshowdown.com/users/reliantcoley" class="subtle" target="_blank">reliantcoley</a></h1>
<script type="text/plain" class="battle-log-data">
|j|☆Conundromic
|j|☆reliantcoley
|t:|1756694062
|gametype|singles
|player|p1|Conundromic|2|
|player|p2|reliantcoley|grimsley|
|gen|9
|tier|[Gen 9] NatDex Draft
|rule|Tera Type Preview: Tera Types are shown at Team Preview
|rule|Sleep Clause Mod: Limit one foe put to sleep
|rule|OHKO Clause: OHKO moves are banned
|rule|Evasion Clause: Evasion abilities, items, and moves are banned
|rule|Evasion Abilities Clause: Evasion abilities are banned
|rule|Evasion Items Clause: Evasion items are banned
|rule|Evasion Moves Clause: Evasion moves are banned
|rule|Endless Battle Clause: Forcing endless battles is banned
|rule|HP Percentage Mod: HP is shown in percentages
|raw|<div class="infobox"><details class="readmore" open><summary><strong>1 custom rule:<\/strong><\/summary> Tera Type Preview<\/details><\/div>
|clearpoke
|poke|p1|Gouging Fire|
|poke|p1|Greninja-*, M|
|poke|p1|Lucario, F|
|poke|p1|Forretress, F|
|poke|p1|Sylveon, F|
|poke|p1|Garganacl, F|
|poke|p2|Klefki, M|
|poke|p2|Chien-Pao|
|poke|p2|Zekrom|
|poke|p2|Volcarona, F|
|poke|p2|Rotom-Wash|
|poke|p2|Cobalion|
|raw|Conundromic's Tera Types:<br \/><psicon pokemon="gougingfire" \/><psicon type="Fire" \/> \/ <psicon pokemon="greninjabond" \/><psicon type="Water" \/> \/ <psicon pokemon="lucario" \/><psicon type="Fighting" \/> \/ <psicon pokemon="forretress" \/><psicon type="Bug" \/> \/ <psicon pokemon="sylveon" \/><psicon type="Grass" \/> \/ <psicon pokemon="garganacl" \/><psicon type="Water" \/>
|raw|reliantcoley's Tera Types:<br \/><psicon pokemon="klefki" \/><psicon type="Steel" \/> \/ <psicon pokemon="chienpao" \/><psicon type="Ice" \/> \/ <psicon pokemon="zekrom" \/><psicon type="Fairy" \/> \/ <psicon pokemon="volcarona" \/><psicon type="Bug" \/> \/ <psicon pokemon="rotomwash" \/><psicon type="Water" \/> \/ <psicon pokemon="cobalion" \/><psicon type="Ghost" \/>
|teampreview
|j| ChillerFrost
|l| ChillerFrost
|j| Phantom0rion
|j| serendipidu
|j| Crown Oji
|j| DoctaShock
|j| CDR Cucumber
|j| ChillerFrost
|l| chillerfrost
|j| Gregoat
|c|☆reliantcoley|glhf!
|
|t:|1756694291
|teamsize|p1|6
|teamsize|p2|6
|start
|switch|p1a: Lucario|Lucario, F|100\/100
|switch|p2a: Volcarona|Volcarona, F|100\/100
|turn|1
|j| Kzzjjxjz
|l| Kzzjjxjz
|j| Clkxkdmnsnna
|
|t:|1756694384
|switch|p1a: Garganacl|Garganacl, F|100\/100
|move|p2a: Volcarona|Bug Buzz|p1a: Garganacl
|-damage|p1a: Garganacl|69\/100
|
|-heal|p1a: Garganacl|75\/100|[from] item: Leftovers
|upkeep
|turn|2
|j| ksch
|
|t:|1756694435
|switch|p2a: Cobalion|Cobalion|100\/100
|move|p1a: Garganacl|Salt Cure|p2a: Cobalion
|-resisted|p2a: Cobalion
|-damage|p2a: Cobalion|98\/100
|-start|p2a: Cobalion|Salt Cure
|
|-heal|p2a: Cobalion|100\/100|[from] item: Leftovers
|-heal|p1a: Garganacl|81\/100|[from] item: Leftovers
|-damage|p2a: Cobalion|76\/100|[from] Salt Cure
|upkeep
|turn|3
|
|t:|1756694518
|-terastallize|p2a: Cobalion|Ghost
|-terastallize|p1a: Garganacl|Water
|move|p2a: Cobalion|Taunt|p1a: Garganacl
|-start|p1a: Garganacl|move: Taunt
|cant|p1a: Garganacl|move: Taunt|Curse
|
|-heal|p2a: Cobalion|82\/100|[from] item: Leftovers
|-heal|p1a: Garganacl|88\/100|[from] item: Leftovers
|-damage|p2a: Cobalion|69\/100|[from] Salt Cure
|upkeep
|turn|4
|
|t:|1756694549
|move|p2a: Cobalion|Stealth Rock|p1a: Garganacl
|-sidestart|p1: Conundromic|move: Stealth Rock
|move|p1a: Garganacl|Fire Punch|p2a: Cobalion
|-damage|p2a: Cobalion|57\/100
|
|-heal|p2a: Cobalion|63\/100|[from] item: Leftovers
|-heal|p1a: Garganacl|94\/100|[from] item: Leftovers
|-damage|p2a: Cobalion|51\/100|[from] Salt Cure
|upkeep
|turn|5
|
|t:|1756694572
|move|p2a: Cobalion|Volt Switch|p1a: Garganacl
|-supereffective|p1a: Garganacl
|-damage|p1a: Garganacl|76\/100
|
|t:|1756694580
|switch|p2a: Rotom|Rotom-Wash|100\/100|[from] Volt Switch
|move|p1a: Garganacl|Salt Cure|p2a: Rotom
|-damage|p2a: Rotom|84\/100
|-start|p2a: Rotom|Salt Cure
|
|-heal|p1a: Garganacl|83\/100|[from] item: Leftovers
|-damage|p2a: Rotom|60\/100|[from] Salt Cure
|-end|p1a: Garganacl|move: Taunt
|upkeep
|turn|6
|
|t:|1756694603
|move|p2a: Rotom|Trick|p1a: Garganacl
|-activate|p2a: Rotom|move: Trick|[of] p1a: Garganacl
|-item|p1a: Garganacl|Choice Scarf|[from] move: Trick
|-item|p2a: Rotom|Leftovers|[from] move: Trick
|move|p1a: Garganacl|Recover|p1a: Garganacl
|-heal|p1a: Garganacl|100\/100
|
|-heal|p2a: Rotom|66\/100|[from] item: Leftovers
|-damage|p2a: Rotom|41\/100|[from] Salt Cure
|upkeep
|turn|7
|
|t:|1756694639
|switch|p1a: Forretress|Forretress, F|100\/100
|-damage|p1a: Forretress|88\/100|[from] Stealth Rock
|move|p2a: Rotom|Volt Switch|p1a: Forretress
|-damage|p1a: Forretress|53\/100
|
|t:|1756694654
|switch|p2a: Cobalion|Cobalion, tera:Ghost|51\/100|[from] Volt Switch
|
|-heal|p2a: Cobalion|57\/100|[from] item: Leftovers
|-heal|p1a: Forretress|59\/100|[from] item: Leftovers
|upkeep
|turn|8
|
|t:|1756694694
|move|p2a: Cobalion|Volt Switch|p1a: Forretress
|-damage|p1a: Forretress|41\/100
|
|t:|1756694727
|switch|p2a: Volcarona|Volcarona, F|100\/100|[from] Volt Switch
|move|p1a: Forretress|Volt Switch|p2a: Volcarona
|-damage|p2a: Volcarona|90\/100
|
|t:|1756694869
|switch|p1a: Garganacl|Garganacl, F, tera:Water|100\/100|[from] Volt Switch
|-damage|p1a: Garganacl|88\/100|[from] Stealth Rock
|
|-heal|p2a: Volcarona|96\/100|[from] item: Leftovers
|upkeep
|turn|9
|j| Ocarina919
|
|t:|1756694929
|move|p2a: Volcarona|Quiver Dance|p2a: Volcarona
|-boost|p2a: Volcarona|spa|1
|-boost|p2a: Volcarona|spd|1
|-boost|p2a: Volcarona|spe|1
|move|p1a: Garganacl|Salt Cure|p2a: Volcarona
|-supereffective|p2a: Volcarona
|-damage|p2a: Volcarona|3\/100
|-start|p2a: Volcarona|Salt Cure
|
|-heal|p2a: Volcarona|10\/100|[from] item: Leftovers
|-damage|p2a: Volcarona|0 fnt|[from] Salt Cure
|faint|p2a: Volcarona
|upkeep
|
|t:|1756694947
|switch|p2a: Rotom|Rotom-Wash|41\/100
|turn|10
|
|t:|1756694955
|move|p2a: Rotom|Volt Switch|p1a: Garganacl
|-supereffective|p1a: Garganacl
|-damage|p1a: Garganacl|54\/100
|
|t:|1756694980
|switch|p2a: Cobalion|Cobalion, tera:Ghost|57\/100|[from] Volt Switch
|move|p1a: Garganacl|Salt Cure|p2a: Cobalion
|-damage|p2a: Cobalion|48\/100
|-start|p2a: Cobalion|Salt Cure
|
|-heal|p2a: Cobalion|54\/100|[from] item: Leftovers
|-damage|p2a: Cobalion|41\/100|[from] Salt Cure
|upkeep
|turn|11
|
|t:|1756695016
|move|p2a: Cobalion|Volt Switch|p1a: Garganacl
|-supereffective|p1a: Garganacl
|-damage|p1a: Garganacl|37\/100
|
|t:|1756695025
|switch|p2a: Zekrom|Zekrom|100\/100|[from] Volt Switch
|-ability|p2a: Zekrom|Teravolt
|move|p1a: Garganacl|Salt Cure|p2a: Zekrom
|-damage|p2a: Zekrom|88\/100
|-start|p2a: Zekrom|Salt Cure
|
|-damage|p2a: Zekrom|76\/100|[from] Salt Cure
|upkeep
|turn|12
|
|t:|1756695069
|move|p2a: Zekrom|Bolt Strike|p1a: Garganacl
|-supereffective|p1a: Garganacl
|-crit|p1a: Garganacl
|-damage|p1a: Garganacl|0 fnt
|faint|p1a: Garganacl
|
|-damage|p2a: Zekrom|64\/100|[from] Salt Cure
|upkeep
|
|t:|1756695120
|switch|p1a: Gouging Fire|Gouging Fire|100\/100
|-damage|p1a: Gouging Fire|76\/100|[from] Stealth Rock
|turn|13
|
|t:|1756695145
|switch|p2a: Rotom|Rotom-Wash|41\/100
|move|p1a: Gouging Fire|Scale Shot|p2a: Rotom|[miss]
|-miss|p1a: Gouging Fire|p2a: Rotom
|
|-heal|p2a: Rotom|47\/100|[from] item: Leftovers
|upkeep
|turn|14
|
|t:|1756695240
|move|p1a: Gouging Fire|Scale Shot|p2a: Rotom
|-damage|p2a: Rotom|34\/100
|-damage|p2a: Rotom|20\/100
|-damage|p2a: Rotom|6\/100
|-damage|p2a: Rotom|0 fnt
|faint|p2a: Rotom
|-hitcount|p2: Rotom|4
|-unboost|p1a: Gouging Fire|def|1
|-boost|p1a: Gouging Fire|spe|1
|
|upkeep
|
|t:|1756695246
|switch|p2a: Klefki|Klefki, M|100\/100
|turn|15
|
|t:|1756695313
|move|p2a: Klefki|Reflect|p2a: Klefki
|-sidestart|p2: reliantcoley|Reflect
|move|p1a: Gouging Fire|Heat Crash|p2a: Klefki
|-supereffective|p2a: Klefki
|-damage|p2a: Klefki|56\/100
|
|upkeep
|turn|16
|
|t:|1756695324
|move|p2a: Klefki|Thunder Wave|p1a: Gouging Fire
|-status|p1a: Gouging Fire|par
|move|p1a: Gouging Fire|Heat Crash|p2a: Klefki
|-supereffective|p2a: Klefki
|-crit|p2a: Klefki
|-damage|p2a: Klefki|0 fnt
|faint|p2a: Klefki
|
|upkeep
|
|t:|1756695344
|switch|p2a: Zekrom|Zekrom|64\/100
|-ability|p2a: Zekrom|Teravolt
|turn|17
|
|t:|1756695385
|move|p2a: Zekrom|Dragon Dance|p2a: Zekrom
|-boost|p2a: Zekrom|atk|1
|-boost|p2a: Zekrom|spe|1
|cant|p1a: Gouging Fire|par
|
|upkeep
|turn|18
|
|t:|1756695398
|move|p2a: Zekrom|Dragon Dance|p2a: Zekrom
|-boost|p2a: Zekrom|atk|1
|-boost|p2a: Zekrom|spe|1
|move|p1a: Gouging Fire|Scale Shot|p2a: Zekrom
|-supereffective|p2a: Zekrom
|-damage|p2a: Zekrom|53\/100
|-supereffective|p2a: Zekrom
|-damage|p2a: Zekrom|42\/100
|-supereffective|p2a: Zekrom
|-damage|p2a: Zekrom|32\/100
|-supereffective|p2a: Zekrom
|-damage|p2a: Zekrom|22\/100
|-supereffective|p2a: Zekrom
|-damage|p2a: Zekrom|10\/100
|-hitcount|p2a: Zekrom|5
|-unboost|p1a: Gouging Fire|def|1
|-boost|p1a: Gouging Fire|spe|1
|
|upkeep
|turn|19
|
|t:|1756695429
|move|p2a: Zekrom|Roost|p2a: Zekrom
|-heal|p2a: Zekrom|60\/100
|-singleturn|p2a: Zekrom|move: Roost
|move|p1a: Gouging Fire|Scale Shot|p2a: Zekrom
|-supereffective|p2a: Zekrom
|-damage|p2a: Zekrom|50\/100
|-supereffective|p2a: Zekrom
|-damage|p2a: Zekrom|40\/100
|-supereffective|p2a: Zekrom
|-damage|p2a: Zekrom|28\/100
|-supereffective|p2a: Zekrom
|-damage|p2a: Zekrom|17\/100
|-hitcount|p2a: Zekrom|4
|-unboost|p1a: Gouging Fire|def|1
|-boost|p1a: Gouging Fire|spe|1
|
|upkeep
|turn|20
|
|t:|1756695448
|move|p2a: Zekrom|Roost|p2a: Zekrom
|-heal|p2a: Zekrom|67\/100
|-singleturn|p2a: Zekrom|move: Roost
|move|p1a: Gouging Fire|Scale Shot|p2a: Zekrom
|-supereffective|p2a: Zekrom
|-damage|p2a: Zekrom|56\/100
|-supereffective|p2a: Zekrom
|-damage|p2a: Zekrom|46\/100
|-supereffective|p2a: Zekrom
|-damage|p2a: Zekrom|35\/100
|-supereffective|p2a: Zekrom
|-damage|p2a: Zekrom|25\/100
|-hitcount|p2a: Zekrom|4
|-unboost|p1a: Gouging Fire|def|1
|-boost|p1a: Gouging Fire|spe|1
|
|upkeep
|turn|21
|
|t:|1756695466
|move|p2a: Zekrom|Roost|p2a: Zekrom
|-heal|p2a: Zekrom|76\/100
|-singleturn|p2a: Zekrom|move: Roost
|cant|p1a: Gouging Fire|par
|
|upkeep
|turn|22
|
|t:|1756695474
|move|p2a: Zekrom|Dragon Claw|p1a: Gouging Fire
|-supereffective|p1a: Gouging Fire
|-damage|p1a: Gouging Fire|0 fnt
|faint|p1a: Gouging Fire
|-end|p1a: Gouging Fire|Protosynthesis|[silent]
|
|-sideend|p2: reliantcoley|Reflect
|upkeep
|
|t:|1756695492
|switch|p1a: Lucario|Lucario, F|100\/100
|-damage|p1a: Lucario|98\/100|[from] Stealth Rock
|turn|23
|
|t:|1756695506
|detailschange|p1a: Lucario|Lucario-Mega, F
|-mega|p1a: Lucario|Lucario|Lucarionite
|move|p2a: Zekrom|Bolt Strike|p1a: Lucario
|-damage|p1a: Lucario|0 fnt
|faint|p1a: Lucario
|detailschange|p1: Lucario|Lucario, F|[silent]
|
|upkeep
|
|t:|1756695511
|switch|p1a: Sylveon|Sylveon, F|100\/100
|-damage|p1a: Sylveon|88\/100|[from] Stealth Rock
|turn|24
|
|t:|1756695520
|move|p2a: Zekrom|Bolt Strike|p1a: Sylveon
|-damage|p1a: Sylveon|0 fnt
|faint|p1a: Sylveon
|
|upkeep
|
|t:|1756695529
|switch|p1a: Greninja|Greninja, M|100\/100
|-damage|p1a: Greninja|88\/100|[from] Stealth Rock
|turn|25
|
|t:|1756695533
|move|p2a: Zekrom|Dragon Claw|p1a: Greninja
|-damage|p1a: Greninja|0 fnt
|faint|p1a: Greninja
|
|upkeep
|
|t:|1756695537
|switch|p1a: Forretress|Forretress, F|41\/100
|-damage|p1a: Forretress|28\/100|[from] Stealth Rock
|turn|26
|
|t:|1756695545
|move|p2a: Zekrom|Dragon Claw|p1a: Forretress
|-resisted|p1a: Forretress
|-damage|p1a: Forretress|2\/100
|move|p1a: Forretress|Volt Switch|p2a: Zekrom
|-resisted|p2a: Zekrom
|-damage|p2a: Zekrom|73\/100
|
|-heal|p1a: Forretress|9\/100|[from] item: Leftovers
|upkeep
|turn|27
|l| Crown Oji
|
|t:|1756695554
|move|p2a: Zekrom|Dragon Claw|p1a: Forretress
|-resisted|p1a: Forretress
|-damage|p1a: Forretress|0 fnt
|faint|p1a: Forretress
|
|win|reliantcoley
|c|☆reliantcoley|gg
|c|☆Conundromic|gg
|l| Phantom0rion
|l| CDR Cucumber

</script>
</div>
<div class="battle-log battle-log-inline"><div class="inner"><div class="battle-options"></div><div class="inner message-log"><div class="chat"><small>☆Conundromic and ☆reliantcoley joined</small></div><div class=""><small>Format:</small> <br><strong>[Gen 9] NatDex Draft</strong></div><div class=""><small><em>Tera Type Preview:</em> Tera Types are shown at Team Preview</small></div><div class=""><small><em>Sleep Clause Mod:</em> Limit one foe put to sleep</small></div><div class=""><small><em>OHKO Clause:</em> OHKO moves are banned</small></div><div class=""><small><em>Evasion Clause:</em> Evasion abilities, items, and moves are banned</small></div><div class=""><small><em>Evasion Abilities Clause:</em> Evasion abilities are banned</small></div><div class=""><small><em>Evasion Items Clause:</em> Evasion items are banned</small></div><div class=""><small><em>Evasion Moves Clause:</em> Evasion moves are banned</small></div><div class=""><small><em>Endless Battle Clause:</em> Forcing endless battles is banned</small></div><div class=""><small><em>HP Percentage Mod:</em> HP is shown in percentages</small></div><div class="chat"><div class="infobox"><details class="readmore" open=""><summary><strong>1 custom rule:</strong></summary> Tera Type Preview</details></div></div><div class="chat">Conundromic's Tera Types:<br><span class="picon" style="background:transparent url(https://play.pokemonshowdown.com/sprites/pokemonicons-sheet.png?v19) no-repeat scroll -0px -2550px"></span><img src="https://play.pokemonshowdown.com/sprites/types/Fire.png" alt="Fire" height="14" width="32" class="pixelated"> / <span class="picon" style="background:transparent url(https://play.pokemonshowdown.com/sprites/pokemonicons-sheet.png?v19) no-repeat scroll -400px -1620px"></span><img src="https://play.pokemonshowdown.com/sprites/types/Water.png" alt="Water" height="14" width="32" class="pixelated"> / <span class="picon" style="background:transparent url(https://play.pokemonshowdown.com/sprites/pokemonicons-sheet.png?v19) no-repeat scroll -160px -1110px"></span><img src="https://play.pokemonshowdown.com/sprites/types/Fighting.png" alt="Fighting" height="14" width="32" class="pixelated"> / <span class="picon" style="background:transparent url(https://play.pokemonshowdown.com/sprites/pokemonicons-sheet.png?v19) no-repeat scroll -40px -510px"></span><img src="https://play.pokemonshowdown.com/sprites/types/Bug.png" alt="Bug" height="14" width="32" class="pixelated"> / <span class="picon" style="background:transparent url(https://play.pokemonshowdown.com/sprites/pokemonicons-sheet.png?v19) no-repeat scroll -160px -1740px"></span><img src="https://play.pokemonshowdown.com/sprites/types/Grass.png" alt="Grass" height="14" width="32" class="pixelated"> / <span class="picon" style="background:transparent url(https://play.pokemonshowdown.com/sprites/pokemonicons-sheet.png?v19) no-repeat scroll -400px -2310px"></span><img src="https://play.pokemonshowdown.com/sprites/types/Water.png" alt="Water" height="14" width="32" class="pixelated"></div><div class="chat">reliantcoley's Tera Types:<br><span class="picon" style="background:transparent url(https://play.pokemonshowdown.com/sprites/pokemonicons-sheet.png?v19) no-repeat scroll -440px -1740px"></span><img src="https://play.pokemonshowdown.com/sprites/types/Steel.png" alt="Steel" height="14" width="32" class="pixelated"> / <span class="picon" style="background:transparent url(https://play.pokemonshowdown.com/sprites/pokemonicons-sheet.png?v19) no-repeat scroll -240px -2490px"></span><img src="https://play.pokemonshowdown.com/sprites/types/Ice.png" alt="Ice" height="14" width="32" class="pixelated"> / <span class="picon" style="background:transparent url(https://play.pokemonshowdown.com/sprites/pokemonicons-sheet.png?v19) no-repeat scroll -320px -1590px"></span><img src="https://play.pokemonshowdown.com/sprites/types/Fairy.png" alt="Fairy" height="14" width="32" class="pixelated"> / <span class="picon" style="background:transparent url(https://play.pokemonshowdown.com/sprites/pokemonicons-sheet.png?v19) no-repeat scroll -40px -1590px"></span><img src="https://play.pokemonshowdown.com/sprites/types/Bug.png" alt="Bug" height="14" width="32" class="pixelated"> / <span class="picon" style="background:transparent url(https://play.pokemonshowdown.com/sprites/pokemonicons-sheet.png?v19) no-repeat scroll -160px -2700px"></span><img src="https://play.pokemonshowdown.com/sprites/types/Water.png" alt="Water" height="14" width="32" class="pixelated"> / <span class="picon" style="background:transparent url(https://play.pokemonshowdown.com/sprites/pokemonicons-sheet.png?v19) no-repeat scroll -80px -1590px"></span><img src="https://play.pokemonshowdown.com/sprites/types/Ghost.png" alt="Ghost" height="14" width="32" class="pixelated"></div><div class="chat battle-history"><strong>Conundromic's team:</strong> <em style="color:#445566;display:block;">Gouging Fire / Greninja-* / Lucario / Forretress / Sylveon / Garganacl</em></div><div class="chat battle-history"><strong>reliantcoley's team:</strong> <em style="color:#445566;display:block;">Klefki / Chien-Pao / Zekrom / Volcarona / Rotom-Wash / Cobalion</em></div><div class="chat"><small> ChillerFrost,  Phantom0rion,  serendipidu,  Crown Oji,  DoctaShock, and 2 others joined;  chillerfrost left</small></div><div class="chat chatmessage-reliantcoley"><strong style="color:#9727e7"><small class="groupsymbol">☆</small><span class="username">reliantcoley</span>:</strong> <em>glhf!</em></div><div class="spacer battle-history"><br></div><div class="battle-history">Battle started between Conundromic and reliantcoley!<br></div><div class="spacer battle-history"><br></div><div class="battle-history">Go! <strong>Lucario</strong>!<br></div><div class="spacer battle-history"><br></div><div class="battle-history">reliantcoley sent out <strong>Volcarona</strong>!<br></div><div class="spacer battle-history"><br></div><h2 class="battle-history">Turn 1</h2><div class="chat"><small> Kzzjjxjz and  Clkxkdmnsnna joined;  Kzzjjxjz left</small></div><div class="spacer battle-history"><br></div><div class="battle-history">Lucario, come back!<br></div><div class="battle-history">Go! <strong>Garganacl</strong>!<br></div><div class="spacer battle-history"><br></div><div class="battle-history">The opposing Volcarona used <strong>Bug Buzz</strong>!<br></div><div class="battle-history"><small>(Garganacl lost 31% of its health!)</small><br></div><div class="spacer battle-history"><br></div><div class="battle-history"><small>Garganacl restored a little HP using its Leftovers!</small><br></div><div class="spacer battle-history"><br></div><h2 class="battle-history">Turn 2</h2><div class="chat"><small> ksch joined</small></div><div class="spacer battle-history"><br></div><div class="battle-history">reliantcoley withdrew Volcarona!<br></div><div class="battle-history">reliantcoley sent out <strong>Cobalion</strong>!<br></div><div class="spacer battle-history"><br></div><div class="battle-history">Garganacl used <strong>Salt Cure</strong>!<br></div><div class="battle-history"><small>It's not very effective...</small><br></div><div class="battle-history"><small>(The opposing Cobalion lost 2% of its health!)</small><br></div><div class="battle-history"><small>The opposing Cobalion is being salt cured!</small><br></div><div class="spacer battle-history"><br></div><div class="battle-history"><small>The opposing Cobalion restored a little HP using its Leftovers!</small><br></div><div class="battle-history"><small>Garganacl restored a little HP using its Leftovers!</small><br></div><div class="battle-history"><small>The opposing Cobalion is hurt by Salt Cure!</small><br></div><div class="spacer battle-history"><br></div><h2 class="battle-history">Turn 3</h2><div class="spacer battle-history"><br></div><div class="battle-history"><small>The opposing Cobalion has Terastallized into the Ghost-type!</small><br></div><div class="spacer battle-history"><br></div><div class="battle-history"><small>Garganacl has Terastallized into the Water-type!</small><br></div><div class="spacer battle-history"><br></div><div class="battle-history">The opposing Cobalion used <strong>Taunt</strong>!<br></div><div class="battle-history"><small>Garganacl fell for the taunt!</small><br></div><div class="spacer battle-history"><br></div><div class="battle-history">Garganacl can't use Curse after the taunt!<br></div><div class="spacer battle-history"><br></div><div class="battle-history"><small>The opposing Cobalion restored a little HP using its Leftovers!</small><br></div><div class="battle-history"><small>Garganacl restored a little HP using its Leftovers!</small><br></div><div class="battle-history"><small>The opposing Cobalion is hurt by Salt Cure!</small><br></div><div class="spacer battle-history"><br></div><h2 class="battle-history">Turn 4</h2><div class="spacer battle-history"><br></div><div class="battle-history">The opposing Cobalion used <strong>Stealth Rock</strong>!<br></div><div class="battle-history"><small>Pointed stones float in the air around your team!</small><br></div><div class="spacer battle-history"><br></div><div class="battle-history">Garganacl used <strong>Fire Punch</strong>!<br></div><div class="battle-history"><small>(The opposing Cobalion lost 12% of its health!)</small><br></div><div class="spacer battle-history"><br></div><div class="battle-history"><small>The opposing Cobalion restored a little HP using its Leftovers!</small><br></div><div class="battle-history"><small>Garganacl restored a little HP using its Leftovers!</small><br></div><div class="battle-history"><small>The opposing Cobalion is hurt by Salt Cure!</small><br></div><div class="spacer battle-history"><br></div><h2 class="battle-history">Turn 5</h2><div class="spacer battle-history"><br></div><div class="battle-history">The opposing Cobalion used <strong>Volt Switch</strong>!<br></div><div class="battle-history"><small>It's super effective!</small><br></div><div class="battle-history"><small>(Garganacl lost 18% of its health!)</small><br></div><div class="spacer battle-history"><br></div><div class="battle-history">The opposing Cobalion went back to reliantcoley!<br></div><div class="battle-history">reliantcoley sent out Rotom (<strong>Rotom-Wash</strong>)!<br></div><div class="spacer battle-history"><br></div><div class="battle-history">Garganacl used <strong>Salt Cure</strong>!<br></div><div class="battle-history"><small>(The opposing Rotom lost 16% of its health!)</small><br></div><div class="battle-history"><small>The opposing Rotom is being salt cured!</small><br></div><div class="spacer battle-history"><br></div><div class="battle-history"><small>Garganacl restored a little HP using its Leftovers!</small><br></div><div class="battle-history"><small>The opposing Rotom is hurt by Salt Cure!</small><br></div><div class="battle-history"><small>Garganacl shook off the taunt!</small><br></div><div class="spacer battle-history"><br></div><h2 class="battle-history">Turn 6</h2><div class="spacer battle-history"><br></div><div class="battle-history">The opposing Rotom used <strong>Trick</strong>!<br></div><div class="battle-history"><small>The opposing Rotom switched items with its target!</small><br></div><div class="battle-history"><small>Garganacl obtained one Choice Scarf.</small><br></div><div class="battle-history"><small>The opposing Rotom obtained one Leftovers.</small><br></div><div class="spacer battle-history"><br></div><div class="battle-history">Garganacl used <strong>Recover</strong>!<br></div><div class="battle-history"><small>Garganacl had its HP restored.</small><br></div><div class="spacer battle-history"><br></div><div class="battle-history"><small>The opposing Rotom restored a little HP using its Leftovers!</small><br></div><div class="battle-history"><small>The opposing Rotom is hurt by Salt Cure!</small><br></div><div class="spacer battle-history"><br></div><h2 class="battle-history">Turn 7</h2><div class="spacer battle-history"><br></div><div class="battle-history">Garganacl, come back!<br></div><div class="battle-history">Go! <strong>Forretress</strong>!<br></div><div class="battle-history"><small>Pointed stones dug into Forretress!</small><br></div><div class="spacer battle-history"><br></div><div class="battle-history">The opposing Rotom used <strong>Volt Switch</strong>!<br></div><div class="battle-history"><small>(Forretress lost 35% of its health!)</small><br></div><div class="spacer battle-history"><br></div><div class="battle-history">The opposing Rotom went back to reliantcoley!<br></div><div class="battle-history">reliantcoley sent out <strong>Cobalion</strong>!<br></div><div class="spacer battle-history"><br></div><div class="battle-history"><small>The opposing Cobalion restored a little HP using its Leftovers!</small><br></div><div class="battle-history"><small>Forretress restored a little HP using its Leftovers!</small><br></div><div class="spacer battle-history"><br></div><h2 class="battle-history">Turn 8</h2><div class="spacer battle-history"><br></div><div class="battle-history">The opposing Cobalion used <strong>Volt Switch</strong>!<br></div><div class="battle-history"><small>(Forretress lost 18% of its health!)</small><br></div><div class="spacer battle-history"><br></div><div class="battle-history">The opposing Cobalion went back to reliantcoley!<br></div><div class="battle-history">reliantcoley sent out <strong>Volcarona</strong>!<br></div><div class="spacer battle-history"><br></div><div class="battle-history">Forretress used <strong>Volt Switch</strong>!<br></div><div class="battle-history"><small>(The opposing Volcarona lost 10% of its health!)</small><br></div><div class="spacer battle-history"><br></div><div class="battle-history">Forretress went back to Conundromic!<br></div><div class="battle-history">Go! <strong>Garganacl</strong>!<br></div><div class="battle-history"><small>Pointed stones dug into Garganacl!</small><br></div><div class="spacer battle-history"><br></div><div class="battle-history"><small>The opposing Volcarona restored a little HP using its Leftovers!</small><br></div><div class="spacer battle-history"><br></div><h2 class="battle-history">Turn 9</h2><div class="chat"><small> Ocarina919 joined</small></div><div class="spacer battle-history"><br></div><div class="battle-history">The opposing Volcarona used <strong>Quiver Dance</strong>!<br></div><div class="battle-history"><small>The opposing Volcarona's Sp. Atk rose!</small><br></div><div class="battle-history"><small>The opposing Volcarona's Sp. Def rose!</small><br></div><div class="battle-history"><small>The opposing Volcarona's Speed rose!</small><br></div><div class="spacer battle-history"><br></div><div class="battle-history">Garganacl used <strong>Salt Cure</strong>!<br></div><div class="battle-history"><small>It's super effective!</small><br></div><div class="battle-history"><small>(The opposing Volcarona lost 93% of its health!)</small><br></div><div class="battle-history"><small>The opposing Volcarona is being salt cured!</small><br></div><div class="spacer battle-history"><br></div><div class="battle-history"><small>The opposing Volcarona restored a little HP using its Leftovers!</small><br></div><div class="battle-history"><small>The opposing Volcarona is hurt by Salt Cure!</small><br></div><div class="spacer battle-history"><br></div><div class="battle-history">The opposing Volcarona fainted!<br></div><div class="spacer battle-history"><br></div><div class="battle-history">reliantcoley sent out Rotom (<strong>Rotom-Wash</strong>)!<br></div><div class="spacer battle-history"><br></div><h2 class="battle-history">Turn 10</h2><div class="spacer battle-history"><br></div><div class="battle-history">The opposing Rotom used <strong>Volt Switch</strong>!<br></div><div class="battle-history"><small>It's super effective!</small><br></div><div class="battle-history"><small>(Garganacl lost 34% of its health!)</small><br></div><div class="spacer battle-history"><br></div><div class="battle-history">The opposing Rotom went back to reliantcoley!<br></div><div class="battle-history">reliantcoley sent out <strong>Cobalion</strong>!<br></div><div class="spacer battle-history"><br></div><div class="battle-history">Garganacl used <strong>Salt Cure</strong>!<br></div><div class="battle-history"><small>(The opposing Cobalion lost 9% of its health!)</small><br></div><div class="battle-history"><small>The opposing Cobalion is being salt cured!</small><br></div><div class="spacer battle-history"><br></div><div class="battle-history"><small>The opposing Cobalion restored a little HP using its Leftovers!</small><br></div><div class="battle-history"><small>The opposing Cobalion is hurt by Salt Cure!</small><br></div><div class="spacer battle-history"><br></div><h2 class="battle-history">Turn 11</h2><div class="spacer battle-history"><br></div><div class="battle-history">The opposing Cobalion used <strong>Volt Switch</strong>!<br></div><div class="battle-history"><small>It's super effective!</small><br></div><div class="battle-history"><small>(Garganacl lost 17% of its health!)</small><br></div><div class="spacer battle-history"><br></div><div class="battle-history">The opposing Cobalion went back to reliantcoley!<br></div><div class="battle-history">reliantcoley sent out <strong>Zekrom</strong>!<br></div><div class="battle-history">[The opposing Zekrom's Teravolt]<br><small>The opposing Zekrom is radiating a bursting aura!</small><br></div><div class="spacer battle-history"><br></div><div class="battle-history">Garganacl used <strong>Salt Cure</strong>!<br></div><div class="battle-history"><small>(The opposing Zekrom lost 12% of its health!)</small><br></div><div class="battle-history"><small>The opposing Zekrom is being salt cured!</small><br></div><div class="spacer battle-history"><br></div><div class="battle-history"><small>The opposing Zekrom is hurt by Salt Cure!</small><br></div><div class="spacer battle-history"><br></div><h2 class="battle-history">Turn 12</h2><div class="spacer battle-history"><br></div><div class="battle-history">The opposing Zekrom used <strong>Bolt Strike</strong>!<br></div><div class="battle-history"><small>It's super effective!</small><br></div><div class="battle-history"><small>A critical hit!</small><br></div><div class="battle-history"><small>(Garganacl lost 37% of its health!)</small><br></div><div class="spacer battle-history"><br></div><div class="battle-history">Garganacl fainted!<br></div><div class="spacer battle-history"><br></div><div class="battle-history"><small>The opposing Zekrom is hurt by Salt Cure!</small><br></div><div class="spacer battle-history"><br></div><div class="battle-history">Go! <strong>Gouging Fire</strong>!<br></div><div class="battle-history"><small>Pointed stones dug into Gouging Fire!</small><br></div><div class="spacer battle-history"><br></div><h2 class="battle-history">Turn 13</h2><div class="spacer battle-history"><br></div><div class="battle-history">reliantcoley withdrew Zekrom!<br></div><div class="battle-history">reliantcoley sent out Rotom (<strong>Rotom-Wash</strong>)!<br></div><div class="spacer battle-history"><br></div><div class="battle-history">Gouging Fire used <strong>Scale Shot</strong>!<br></div><div class="battle-history"><small>The opposing Rotom avoided the attack!</small><br></div><div class="spacer battle-history"><br></div><div class="battle-history"><small>The opposing Rotom restored a little HP using its Leftovers!</small><br></div><div class="spacer battle-history"><br></div><h2 class="battle-history">Turn 14</h2><div class="spacer battle-history"><br></div><div class="battle-history">Gouging Fire used <strong>Scale Shot</strong>!<br></div><div class="battle-history"><small>(The opposing Rotom lost 13% of its health!)</small><br></div><div class="battle-history"><small>(The opposing Rotom lost 14% of its health!)</small><br></div><div class="battle-history"><small>(The opposing Rotom lost 14% of its health!)</small><br></div><div class="battle-history"><small>(The opposing Rotom lost 6% of its health!)</small><br></div><div class="spacer battle-history"><br></div><div class="battle-history">The opposing Rotom fainted!<br></div><div class="battle-history"><small>The Pokémon was hit 4 times!</small><br></div><div class="battle-history"><small>Gouging Fire's Defense fell!</small><br></div><div class="battle-history"><small>Gouging Fire's Speed rose!</small><br></div><div class="spacer battle-history"><br></div><div class="battle-history">reliantcoley sent out <strong>Klefki</strong>!<br></div><div class="spacer battle-history"><br></div><h2 class="battle-history">Turn 15</h2><div class="spacer battle-history"><br></div><div class="battle-history">The opposing Klefki used <strong>Reflect</strong>!<br></div><div class="battle-history"><small>Reflect made the opposing team stronger against physical moves!</small><br></div><div class="spacer battle-history"><br></div><div class="battle-history">Gouging Fire used <strong>Heat Crash</strong>!<br></div><div class="battle-history"><small>It's super effective!</small><br></div><div class="battle-history"><small>(The opposing Klefki lost 44% of its health!)</small><br></div><div class="spacer battle-history"><br></div><h2 class="battle-history">Turn 16</h2><div class="spacer battle-history"><br></div><div class="battle-history">The opposing Klefki used <strong>Thunder Wave</strong>!<br></div><div class="battle-history"><small>Gouging Fire is paralyzed! It may be unable to move!</small><br></div><div class="spacer battle-history"><br></div><div class="battle-history">Gouging Fire used <strong>Heat Crash</strong>!<br></div><div class="battle-history"><small>It's super effective!</small><br></div><div class="battle-history"><small>A critical hit!</small><br></div><div class="battle-history"><small>(The opposing Klefki lost 56% of its health!)</small><br></div><div class="spacer battle-history"><br></div><div class="battle-history">The opposing Klefki fainted!<br></div><div class="spacer battle-history"><br></div><div class="battle-history">reliantcoley sent out <strong>Zekrom</strong>!<br></div><div class="battle-history">[The opposing Zekrom's Teravolt]<br><small>The opposing Zekrom is radiating a bursting aura!</small><br></div><div class="spacer battle-history"><br></div><h2 class="battle-history">Turn 17</h2><div class="spacer battle-history"><br></div><div class="battle-history">The opposing Zekrom used <strong>Dragon Dance</strong>!<br></div><div class="battle-history"><small>The opposing Zekrom's Attack rose!</small><br></div><div class="battle-history"><small>The opposing Zekrom's Speed rose!</small><br></div><div class="spacer battle-history"><br></div><div class="battle-history">Gouging Fire is paralyzed! It can't move!<br></div><div class="spacer battle-history"><br></div><h2 class="battle-history">Turn 18</h2><div class="spacer battle-history"><br></div><div class="battle-history">The opposing Zekrom used <strong>Dragon Dance</strong>!<br></div><div class="battle-history"><small>The opposing Zekrom's Attack rose!</small><br></div><div class="battle-history"><small>The opposing Zekrom's Speed rose!</small><br></div><div class="spacer battle-history"><br></div><div class="battle-history">Gouging Fire used <strong>Scale Shot</strong>!<br></div><div class="battle-history"><small>It's super effective!</small><br></div><div class="battle-history"><small>(The opposing Zekrom lost 11% of its health!)</small><br></div><div class="battle-history"><small>It's super effective!</small><br></div><div class="battle-history"><small>(The opposing Zekrom lost 11% of its health!)</small><br></div><div class="battle-history"><small>It's super effective!</small><br></div><div class="battle-history"><small>(The opposing Zekrom lost 10% of its health!)</small><br></div><div class="battle-history"><small>It's super effective!</small><br></div><div class="battle-history"><small>(The opposing Zekrom lost 10% of its health!)</small><br></div><div class="battle-history"><small>It's super effective!</small><br></div><div class="battle-history"><small>(The opposing Zekrom lost 12% of its health!)</small><br></div><div class="battle-history"><small>The Pokémon was hit 5 times!</small><br></div><div class="battle-history"><small>Gouging Fire's Defense fell!</small><br></div><div class="battle-history"><small>Gouging Fire's Speed rose!</small><br></div><div class="spacer battle-history"><br></div><h2 class="battle-history">Turn 19</h2><div class="spacer battle-history"><br></div><div class="battle-history">The opposing Zekrom used <strong>Roost</strong>!<br></div><div class="battle-history"><small>The opposing Zekrom had its HP restored.</small><br></div><div class="spacer battle-history"><br></div><div class="battle-history">Gouging Fire used <strong>Scale Shot</strong>!<br></div><div class="battle-history"><small>It's super effective!</small><br></div><div class="battle-history"><small>(The opposing Zekrom lost 10% of its health!)</small><br></div><div class="battle-history"><small>It's super effective!</small><br></div><div class="battle-history"><small>(The opposing Zekrom lost 10% of its health!)</small><br></div><div class="battle-history"><small>It's super effective!</small><br></div><div class="battle-history"><small>(The opposing Zekrom lost 12% of its health!)</small><br></div><div class="battle-history"><small>It's super effective!</small><br></div><div class="battle-history"><small>(The opposing Zekrom lost 11% of its health!)</small><br></div><div class="battle-history"><small>The Pokémon was hit 4 times!</small><br></div><div class="battle-history"><small>Gouging Fire's Defense fell!</small><br></div><div class="battle-history"><small>Gouging Fire's Speed rose!</small><br></div><div class="spacer battle-history"><br></div><h2 class="battle-history">Turn 20</h2><div class="spacer battle-history"><br></div><div class="battle-history">The opposing Zekrom used <strong>Roost</strong>!<br></div><div class="battle-history"><small>The opposing Zekrom had its HP restored.</small><br></div><div class="spacer battle-history"><br></div><div class="battle-history">Gouging Fire used <strong>Scale Shot</strong>!<br></div><div class="battle-history"><small>It's super effective!</small><br></div><div class="battle-history"><small>(The opposing Zekrom lost 11% of its health!)</small><br></div><div class="battle-history"><small>It's super effective!</small><br></div><div class="battle-history"><small>(The opposing Zekrom lost 10% of its health!)</small><br></div><div class="battle-history"><small>It's super effective!</small><br></div><div class="battle-history"><small>(The opposing Zekrom lost 11% of its health!)</small><br></div><div class="battle-history"><small>It's super effective!</small><br></div><div class="battle-history"><small>(The opposing Zekrom lost 10% of its health!)</small><br></div><div class="battle-history"><small>The Pokémon was hit 4 times!</small><br></div><div class="battle-history"><small>Gouging Fire's Defense fell!</small><br></div><div class="battle-history"><small>Gouging Fire's Speed rose!</small><br></div><div class="spacer battle-history"><br></div><h2 class="battle-history">Turn 21</h2><div class="spacer battle-history"><br></div><div class="battle-history">The opposing Zekrom used <strong>Roost</strong>!<br></div><div class="battle-history"><small>The opposing Zekrom had its HP restored.</small><br></div><div class="spacer battle-history"><br></div><div class="battle-history">Gouging Fire is paralyzed! It can't move!<br></div><div class="spacer battle-history"><br></div><h2 class="battle-history">Turn 22</h2><div class="spacer battle-history"><br></div><div class="battle-history">The opposing Zekrom used <strong>Dragon Claw</strong>!<br></div><div class="battle-history"><small>It's super effective!</small><br></div><div class="battle-history"><small>(Gouging Fire lost 76% of its health!)</small><br></div><div class="spacer battle-history"><br></div><div class="battle-history">Gouging Fire fainted!<br></div><div class="spacer battle-history"><br></div><div class="battle-history"><small>The opposing team's Reflect wore off!</small><br></div><div class="spacer battle-history"><br></div><div class="battle-history">Go! <strong>Lucario</strong>!<br></div><div class="battle-history"><small>Pointed stones dug into Lucario!</small><br></div><div class="spacer battle-history"><br></div><h2 class="battle-history">Turn 23</h2><div class="spacer battle-history"><br></div><div class="battle-history"><small>Lucario's Lucarionite is reacting to the Key Stone!</small><br>Lucario has Mega Evolved into Mega Lucario!<br></div><div class="spacer battle-history"><br></div><div class="battle-history">The opposing Zekrom used <strong>Bolt Strike</strong>!<br></div><div class="battle-history"><small>(Lucario lost 98% of its health!)</small><br></div><div class="spacer battle-history"><br></div><div class="battle-history">Lucario fainted!<br></div><div class="spacer battle-history"><br></div><div class="battle-history">Go! <strong>Sylveon</strong>!<br></div><div class="battle-history"><small>Pointed stones dug into Sylveon!</small><br></div><div class="spacer battle-history"><br></div><h2 class="battle-history">Turn 24</h2><div class="spacer battle-history"><br></div><div class="battle-history">The opposing Zekrom used <strong>Bolt Strike</strong>!<br></div><div class="battle-history"><small>(Sylveon lost 88% of its health!)</small><br></div><div class="spacer battle-history"><br></div><div class="battle-history">Sylveon fainted!<br></div><div class="spacer battle-history"><br></div><div class="battle-history">Go! <strong>Greninja</strong>!<br></div><div class="battle-history"><small>Pointed stones dug into Greninja!</small><br></div><div class="spacer battle-history"><br></div><h2 class="battle-history">Turn 25</h2><div class="spacer battle-history"><br></div><div class="battle-history">The opposing Zekrom used <strong>Dragon Claw</strong>!<br></div><div class="battle-history"><small>(Greninja lost 88% of its health!)</small><br></div><div class="spacer battle-history"><br></div><div class="battle-history">Greninja fainted!<br></div><div class="spacer battle-history"><br></div><div class="battle-history">Go! <strong>Forretress</strong>!<br></div><div class="battle-history"><small>Pointed stones dug into Forretress!</small><br></div><div class="spacer battle-history"><br></div><h2 class="battle-history">Turn 26</h2><div class="spacer battle-history"><br></div><div class="battle-history">The opposing Zekrom used <strong>Dragon Claw</strong>!<br></div><div class="battle-history"><small>It's not very effective...</small><br></div><div class="battle-history"><small>(Forretress lost 26% of its health!)</small><br></div><div class="spacer battle-history"><br></div><div class="battle-history">Forretress used <strong>Volt Switch</strong>!<br></div><div class="battle-history"><small>It's not very effective...</small><br></div><div class="battle-history"><small>(The opposing Zekrom lost 3% of its health!)</small><br></div><div class="spacer battle-history"><br></div><div class="battle-history"><small>Forretress restored a little HP using its Leftovers!</small><br></div><div class="spacer battle-history"><br></div><h2 class="battle-history">Turn 27</h2><div class="chat"><small> Crown Oji left</small></div><div class="spacer battle-history"><br></div><div class="battle-history">The opposing Zekrom used <strong>Dragon Claw</strong>!<br></div><div class="battle-history"><small>It's not very effective...</small><br></div><div class="battle-history"><small>(Forretress lost 9% of its health!)</small><br></div><div class="spacer battle-history"><br></div><div class="battle-history">Forretress fainted!<br></div><div class="spacer battle-history"><br></div><div class="battle-history"><strong>reliantcoley</strong> won the battle!<br></div><div class="chat chatmessage-reliantcoley"><strong style="color:#9727e7"><small class="groupsymbol">☆</small><span class="username">reliantcoley</span>:</strong> <em>gg</em></div><div class="chat chatmessage-conundromic"><strong style="color:#2d8875"><small class="groupsymbol">☆</small><span class="username">Conundromic</span>:</strong> <em>gg</em></div><div class="chat"><small> Phantom0rion and  CDR Cucumber left</small></div></div><div class="inner-preempt message-log"></div></div></div>
</div>
<script>
let daily = Math.floor(Date.now()/1000/60/60/24);document.write('<script src="https://play.pokemonshowdown.com/js/replay-embed.js?version'+daily+'"></'+'script>');
</script>
