<!DOCTYPE html>
<meta charset="utf-8" />
<!-- version 1 -->
<title>[Gen 9] NatDex Draft replay: Crown Oji vs. Prime13576</title>
<style>
html,body {font-family:Verdana, sans-serif;font-size:10pt;margin:0;padding:0;}body{padding:12px 0;} .battle-log {font-family:Verdana, sans-serif;font-size:10pt;} .battle-log-inline {border:1px solid #AAAAAA;background:#EEF2F5;color:black;max-width:640px;margin:0 auto 80px;padding-bottom:5px;} .battle-log .inner {padding:4px 8px 0px 8px;} .battle-log .inner-preempt {padding:0 8px 4px 8px;} .battle-log .inner-after {margin-top:0.5em;} .battle-log h2 {margin:0.5em -8px;padding:4px 8px;border:1px solid #AAAAAA;background:#E0E7EA;border-left:0;border-right:0;font-family:Verdana, sans-serif;font-size:13pt;} .battle-log .chat {vertical-align:middle;padding:3px 0 3px 0;font-size:8pt;} .battle-log .chat strong {color:#40576A;} .battle-log .chat em {padding:1px 4px 1px 3px;color:#000000;font-style:normal;} .chat.mine {background:rgba(0,0,0,0.05);margin-left:-8px;margin-right:-8px;padding-left:8px;padding-right:8px;} .spoiler {color:#BBBBBB;background:#BBBBBB;padding:0px 3px;} .spoiler:hover, .spoiler:active, .spoiler-shown {color:#000000;background:#E2E2E2;padding:0px 3px;} .spoiler a {color:#BBBBBB;} .spoiler:hover a, .spoiler:active a, .spoiler-shown a {color:#2288CC;} .chat code, .chat .spoiler:hover code, .chat .spoiler:active code, .chat .spoiler-shown code {border:1px solid #C0C0C0;background:#EEEEEE;color:black;padding:0 2px;} .chat .spoiler code {border:1px solid #CCCCCC;background:#CCCCCC;color:#CCCCCC;} .battle-log .rated {padding:3px 4px;} .battle-log .rated strong {color:white;background:#89A;padding:1px 4px;border-radius:4px;} .spacer {margin-top:0.5em;} .message-announce {background:#6688AA;color:white;padding:1px 4px 2px;} .message-announce a, .broadcast-green a, .broadcast-blue a, .broadcast-red a {color:#DDEEFF;} .broadcast-green {background-color:#559955;color:white;padding:2px 4px;} .broadcast-blue {background-color:#6688AA;color:white;padding:2px 4px;} .infobox {border:1px solid #6688AA;padding:2px 4px;} .infobox-limited {max-height:200px;overflow:auto;overflow-x:hidden;} .broadcast-red {background-color:#AA5544;color:white;padding:2px 4px;} .message-learn-canlearn {font-weight:bold;color:#228822;text-decoration:underline;} .message-learn-cannotlearn {font-weight:bold;color:#CC2222;text-decoration:underline;} .message-effect-weak {font-weight:bold;color:#CC2222;} .message-effect-resist {font-weight:bold;color:#6688AA;} .message-effect-immune {font-weight:bold;color:#666666;} .message-learn-list {margin-top:0;margin-bottom:0;} .message-throttle-notice, .message-error {color:#992222;} .message-overflow, .chat small.message-overflow {font-size:0pt;} .message-overflow::before {font-size:9pt;content:'...';} .subtle {color:#3A4A66;}
</style>
<div class="wrapper replay-wrapper" style="max-width:1180px;margin:0 auto">
<input type="hidden" name="replayid" value="gen9natdexdraft-2432599952" />
<div class="battle"></div><div class="battle-log"></div><div class="replay-controls"></div><div class="replay-controls-2"></div>
<h1 style="font-weight:normal;text-align:center"><strong>[Gen 9] NatDex Draft</strong><br /><a href="http://pokemonshowdown.com/users/crownoji" class="subtle" target="_blank">Crown Oji</a> vs. <a href="http://pokemonshowdown.com/users/prime13576" class="subtle" target="_blank">Prime13576</a></h1>
<script type="text/plain" class="battle-log-data">
|j|☆Crown Oji
|j|☆Prime13576
|t:|1756678138
|gametype|singles
|player|p1|Crown Oji|toddsnap2|
|player|p2|Prime13576|hilbert|
|gen|9
|tier|[Gen 9] NatDex Draft
|rule|Tera Type Preview: Tera Types are shown at Team Preview
|rule|Sleep Clause Mod: Limit one foe put to sleep
|rule|OHKO Clause: OHKO moves are banned
|rule|Evasion Clause: Evasion abilities, items, and moves are banned
|rule|Evasion Abilities Clause: Evasion abilities are banned
|rule|Evasion Items Clause: Evasion items are banned
|rule|Evasion Moves Clause: Evasion moves are banned
|rule|Endless Battle Clause: Forcing endless battles is banned
|rule|HP Percentage Mod: HP is shown in percentages
|raw|<div class="infobox"><details class="readmore" open><summary><strong>1 custom rule:<\/strong><\/summary> Tera Type Preview<\/details><\/div>
|clearpoke
|poke|p1|Blacephalon|
|poke|p1|Genesect|
|poke|p1|Clodsire, M|
|poke|p1|Palkia-Origin|
|poke|p1|Milotic, F|
|poke|p1|Hatterene, F|
|poke|p2|Kyurem-Black|
|poke|p2|Naganadel|
|poke|p2|Gastrodon, F|
|poke|p2|Celesteela|
|poke|p2|Cinderace, F|
|poke|p2|Mimikyu, F|
|raw|Crown Oji's Tera Types:<br \/><psicon pokemon="blacephalon" \/><psicon type="Fire" \/> \/ <psicon pokemon="genesect" \/><psicon type="Bug" \/> \/ <psicon pokemon="clodsire" \/><psicon type="Poison" \/> \/ <psicon pokemon="palkiaorigin" \/><psicon type="Water" \/> \/ <psicon pokemon="milotic" \/><psicon type="Water" \/> \/ <psicon pokemon="hatterene" \/><psicon type="Steel" \/>
|raw|Prime13576's Tera Types:<br \/><psicon pokemon="kyuremblack" \/><psicon type="Dragon" \/> \/ <psicon pokemon="naganadel" \/><psicon type="Poison" \/> \/ <psicon pokemon="gastrodon" \/><psicon type="Water" \/> \/ <psicon pokemon="celesteela" \/><psicon type="Steel" \/> \/ <psicon pokemon="cinderace" \/><psicon type="Fire" \/> \/ <psicon pokemon="mimikyu" \/><psicon type="Fairy" \/>
|teampreview
|c|☆Prime13576|Good luck!
|c|☆Crown Oji|u2
|
|t:|1756678212
|teamsize|p1|6
|teamsize|p2|6
|start
|switch|p1a: Palkia|Palkia-Origin|100\/100
|switch|p2a: Messi|Cinderace, F|100\/100
|-ability|p1a: Palkia|Pressure
|turn|1
|j| ChillerFrost
|j| serendipidu
|j| DoctaShock
|j| Phantom0rion
|
|t:|1756678263
|switch|p2a: Klaud|Gastrodon, F|100\/100
|move|p1a: Palkia|Surf|p2a: Klaud
|-ability|p2a: Klaud|Storm Drain|boost
|-boost|p2a: Klaud|spa|1
|
|upkeep
|turn|2
|
|t:|1756678281
|move|p1a: Palkia|Toxic|p2a: Klaud
|-status|p2a: Klaud|tox
|move|p2a: Klaud|Toxic|p1a: Palkia
|-status|p1a: Palkia|tox
|
|-damage|p1a: Palkia|94\/100 tox|[from] psn
|-damage|p2a: Klaud|94\/100 tox|[from] psn
|upkeep
|turn|3
|
|t:|1756678313
|switch|p1a: Hatterene|Hatterene, F|100\/100
|move|p2a: Klaud|Recover|p2a: Klaud
|-heal|p2a: Klaud|100\/100 tox
|
|-damage|p2a: Klaud|88\/100 tox|[from] psn
|upkeep
|turn|4
|j| daotxtoad
|
|t:|1756678354
|switch|p2a: Saturn V|Celesteela|100\/100
|move|p1a: Hatterene|Future Sight|p2a: Saturn V
|-start|p1a: Hatterene|move: Future Sight
|
|upkeep
|turn|5
|
|t:|1756678404
|-terastallize|p1a: Hatterene|Steel
|move|p2a: Saturn V|Heavy Slam|p1a: Hatterene
|-resisted|p1a: Hatterene
|-damage|p1a: Hatterene|84\/100
|move|p1a: Hatterene|Mystical Fire|p2a: Saturn V
|-supereffective|p2a: Saturn V
|-damage|p2a: Saturn V|71\/100
|-unboost|p2a: Saturn V|spa|1
|
|-heal|p2a: Saturn V|77\/100|[from] item: Leftovers
|-heal|p1a: Hatterene|90\/100|[from] item: Leftovers
|upkeep
|turn|6
|
|t:|1756678468
|switch|p2a: Klaud|Gastrodon, F|88\/100 tox
|move|p1a: Hatterene|Psychic|p2a: Klaud
|-damage|p2a: Klaud|60\/100 tox
|-unboost|p2a: Klaud|spd|1
|
|-end|p2a: Klaud|move: Future Sight
|-damage|p2a: Klaud|12\/100 tox
|-heal|p2a: Klaud|18\/100 tox|[from] item: Leftovers
|-heal|p1a: Hatterene|96\/100|[from] item: Leftovers
|-damage|p2a: Klaud|12\/100 tox|[from] psn
|upkeep
|turn|7
|
|t:|1756678515
|move|p2a: Klaud|Earth Power|p1a: Hatterene
|-supereffective|p1a: Hatterene
|-damage|p1a: Hatterene|40\/100
|move|p1a: Hatterene|Psychic|p2a: Klaud
|-damage|p2a: Klaud|0 fnt
|faint|p2a: Klaud
|
|-heal|p1a: Hatterene|46\/100|[from] item: Leftovers
|upkeep
|
|t:|1756678552
|switch|p2a: Best Pokemon Game|Kyurem-Black|100\/100
|-ability|p2a: Best Pokemon Game|Teravolt
|turn|8
|
|t:|1756678595
|move|p2a: Best Pokemon Game|Earth Power|p1a: Hatterene
|-supereffective|p1a: Hatterene
|-damage|p1a: Hatterene|0 fnt
|faint|p1a: Hatterene
|-damage|p2a: Best Pokemon Game|91\/100|[from] item: Life Orb
|
|upkeep
|
|t:|1756678618
|switch|p1a: Genesect|Genesect, shiny|100\/100
|-ability|p1a: Genesect|Download|boost
|-boost|p1a: Genesect|spa|1
|turn|9
|
|t:|1756678663
|switch|p2a: Saturn V|Celesteela|77\/100
|move|p1a: Genesect|Flash Cannon|p2a: Saturn V
|-resisted|p2a: Saturn V
|-damage|p2a: Saturn V|59\/100
|
|-heal|p2a: Saturn V|65\/100|[from] item: Leftovers
|upkeep
|turn|10
|
|t:|1756678686
|switch|p1a: Milotic|Milotic, F|100\/100
|move|p2a: Saturn V|Flamethrower|p1a: Milotic
|-resisted|p1a: Milotic
|-damage|p1a: Milotic|93\/100
|
|-heal|p1a: Milotic|99\/100|[from] item: Leftovers
|-heal|p2a: Saturn V|71\/100|[from] item: Leftovers
|upkeep
|turn|11
|
|t:|1756678720
|move|p1a: Milotic|Scald|p2a: Saturn V
|-damage|p2a: Saturn V|55\/100
|move|p2a: Saturn V|Leech Seed|p1a: Milotic
|-start|p1a: Milotic|move: Leech Seed
|
|-heal|p1a: Milotic|100\/100|[from] item: Leftovers
|-heal|p2a: Saturn V|61\/100|[from] item: Leftovers
|-damage|p1a: Milotic|88\/100|[from] Leech Seed|[of] p2a: Saturn V
|-heal|p2a: Saturn V|74\/100|[silent]
|upkeep
|turn|12
|j| elementalassasin
|
|t:|1756678757
|move|p2a: Saturn V|Protect|p2a: Saturn V
|-singleturn|p2a: Saturn V|Protect
|move|p1a: Milotic|Scald|p2a: Saturn V
|-activate|p2a: Saturn V|move: Protect
|
|-heal|p1a: Milotic|94\/100|[from] item: Leftovers
|-heal|p2a: Saturn V|80\/100|[from] item: Leftovers
|-damage|p1a: Milotic|82\/100|[from] Leech Seed|[of] p2a: Saturn V
|-heal|p2a: Saturn V|92\/100|[silent]
|upkeep
|turn|13
|
|t:|1756678793
|switch|p2a: Best Pokemon Game|Kyurem-Black|91\/100
|-ability|p2a: Best Pokemon Game|Teravolt
|move|p1a: Milotic|Scald|p2a: Best Pokemon Game
|-resisted|p2a: Best Pokemon Game
|-damage|p2a: Best Pokemon Game|76\/100
|
|-heal|p1a: Milotic|88\/100|[from] item: Leftovers
|-damage|p1a: Milotic|75\/100|[from] Leech Seed|[of] p2a: Best Pokemon Game
|-heal|p2a: Best Pokemon Game|89\/100|[silent]
|upkeep
|turn|14
|
|t:|1756678839
|switch|p1a: Genesect|Genesect, shiny|100\/100
|-ability|p1a: Genesect|Download|boost
|-boost|p1a: Genesect|spa|1
|move|p2a: Best Pokemon Game|Earth Power|p1a: Genesect
|-damage|p1a: Genesect|51\/100
|-damage|p2a: Best Pokemon Game|79\/100|[from] item: Life Orb
|
|upkeep
|turn|15
|
|t:|1756678892
|move|p1a: Genesect|Flash Cannon|p2a: Best Pokemon Game
|-supereffective|p2a: Best Pokemon Game
|-damage|p2a: Best Pokemon Game|0 fnt
|faint|p2a: Best Pokemon Game
|
|upkeep
|
|t:|1756678914
|switch|p2a: Saturn V|Celesteela|92\/100
|turn|16
|
|t:|1756678956
|switch|p1a: Milotic|Milotic, F|75\/100
|move|p2a: Saturn V|Flamethrower|p1a: Milotic
|-resisted|p1a: Milotic
|-damage|p1a: Milotic|69\/100
|
|-heal|p1a: Milotic|75\/100|[from] item: Leftovers
|-heal|p2a: Saturn V|98\/100|[from] item: Leftovers
|upkeep
|turn|17
|
|t:|1756678984
|move|p1a: Milotic|Scald|p2a: Saturn V
|-damage|p2a: Saturn V|80\/100
|-status|p2a: Saturn V|brn
|move|p2a: Saturn V|Leech Seed|p1a: Milotic
|-start|p1a: Milotic|move: Leech Seed
|
|-heal|p1a: Milotic|81\/100|[from] item: Leftovers
|-heal|p2a: Saturn V|86\/100 brn|[from] item: Leftovers
|-damage|p1a: Milotic|68\/100|[from] Leech Seed|[of] p2a: Saturn V
|-heal|p2a: Saturn V|98\/100 brn|[silent]
|-damage|p2a: Saturn V|92\/100 brn|[from] brn
|upkeep
|turn|18
|
|t:|1756679020
|switch|p1a: Palkia|Palkia-Origin|94\/100 tox
|-ability|p1a: Palkia|Pressure
|move|p2a: Saturn V|Protect||[still]
|-fail|p2a: Saturn V
|
|-heal|p2a: Saturn V|98\/100 brn|[from] item: Leftovers
|-damage|p1a: Palkia|88\/100 tox|[from] psn
|-damage|p2a: Saturn V|92\/100 brn|[from] brn
|upkeep
|turn|19
|
|t:|1756679090
|switch|p2a: Kermit|Mimikyu, F|100\/100
|move|p1a: Palkia|Flamethrower|p2a: Kermit
|-activate|p2a: Kermit|ability: Disguise
|-damage|p2a: Kermit|100\/100
|detailschange|p2a: Kermit|Mimikyu-Busted, F
|-damage|p2a: Kermit|88\/100|[from] pokemon: Mimikyu-Busted
|
|-damage|p1a: Palkia|76\/100 tox|[from] psn
|upkeep
|turn|20
|
|t:|1756679139
|switch|p1a: Milotic|Milotic, F|68\/100
|move|p2a: Kermit|Play Rough|p1a: Milotic
|-damage|p1a: Milotic|36\/100
|-damage|p2a: Kermit|78\/100|[from] item: Life Orb
|
|-heal|p1a: Milotic|42\/100|[from] item: Leftovers
|upkeep
|turn|21
|
|t:|1756679174
|move|p2a: Kermit|Wood Hammer|p1a: Milotic
|-supereffective|p1a: Milotic
|-damage|p1a: Milotic|0 fnt
|faint|p1a: Milotic
|-damage|p2a: Kermit|57\/100|[from] Recoil
|-damage|p2a: Kermit|47\/100|[from] item: Life Orb
|
|upkeep
|
|t:|1756679179
|switch|p1a: Clodsire|Clodsire, M|100\/100
|turn|22
|
|t:|1756679208
|switch|p2a: Saturn V|Celesteela|92\/100 brn
|move|p1a: Clodsire|Stealth Rock|p2a: Saturn V
|-sidestart|p2: Prime13576|move: Stealth Rock
|
|-heal|p2a: Saturn V|98\/100 brn|[from] item: Leftovers
|-damage|p2a: Saturn V|92\/100 brn|[from] brn
|upkeep
|turn|23
|
|t:|1756679230
|switch|p1a: Genesect|Genesect, shiny|51\/100
|-ability|p1a: Genesect|Download|boost
|-boost|p1a: Genesect|atk|1
|move|p2a: Saturn V|Leech Seed|p1a: Genesect
|-start|p1a: Genesect|move: Leech Seed
|
|-heal|p2a: Saturn V|98\/100 brn|[from] item: Leftovers
|-damage|p1a: Genesect|39\/100|[from] Leech Seed|[of] p2a: Saturn V
|-heal|p2a: Saturn V|100\/100 brn|[silent]
|-damage|p2a: Saturn V|94\/100 brn|[from] brn
|upkeep
|turn|24
|
|t:|1756679264
|switch|p1a: Palkia|Palkia-Origin|76\/100 tox
|-ability|p1a: Palkia|Pressure
|move|p2a: Saturn V|Protect||[still]
|-fail|p2a: Saturn V
|
|-heal|p2a: Saturn V|100\/100 brn|[from] item: Leftovers
|-damage|p1a: Palkia|69\/100 tox|[from] psn
|-damage|p2a: Saturn V|94\/100 brn|[from] brn
|upkeep
|turn|25
|
|t:|1756679308
|move|p1a: Palkia|Surf|p2a: Saturn V
|-damage|p2a: Saturn V|55\/100 brn
|move|p2a: Saturn V|Leech Seed|p1a: Palkia
|-start|p1a: Palkia|move: Leech Seed
|
|-heal|p2a: Saturn V|61\/100 brn|[from] item: Leftovers
|-damage|p1a: Palkia|57\/100 tox|[from] Leech Seed|[of] p2a: Saturn V
|-heal|p2a: Saturn V|71\/100 brn|[silent]
|-damage|p1a: Palkia|44\/100 tox|[from] psn
|-damage|p2a: Saturn V|65\/100 brn|[from] brn
|upkeep
|turn|26
|
|t:|1756679334
|switch|p1a: Blacephalon|Blacephalon|100\/100
|move|p2a: Saturn V|Protect||[still]
|-fail|p2a: Saturn V
|
|-heal|p2a: Saturn V|71\/100 brn|[from] item: Leftovers
|-damage|p2a: Saturn V|65\/100 brn|[from] brn
|upkeep
|turn|27
|
|t:|1756679452
|switch|p2a: Kermit|Mimikyu-Busted, F|47\/100
|-damage|p2a: Kermit|35\/100|[from] Stealth Rock
|move|p1a: Blacephalon|Flamethrower|p2a: Kermit
|-damage|p2a: Kermit|0 fnt
|faint|p2a: Kermit
|-ability|p1a: Blacephalon|Beast Boost|boost
|-boost|p1a: Blacephalon|spa|1
|
|upkeep
|
|t:|1756679483
|switch|p2a: Jonathan Crane|Naganadel|100\/100
|-damage|p2a: Jonathan Crane|88\/100|[from] Stealth Rock
|turn|28
|
|t:|1756679497
|switch|p1a: Clodsire|Clodsire, M|100\/100
|move|p2a: Jonathan Crane|Draco Meteor|p1a: Clodsire
|-damage|p1a: Clodsire|67\/100
|-unboost|p2a: Jonathan Crane|spa|2
|
|-heal|p1a: Clodsire|74\/100|[from] item: Black Sludge
|upkeep
|turn|29
|
|t:|1756679548
|switch|p2a: Saturn V|Celesteela|65\/100 brn
|-damage|p2a: Saturn V|52\/100 brn|[from] Stealth Rock
|switch|p1a: Blacephalon|Blacephalon|100\/100
|
|-heal|p2a: Saturn V|58\/100 brn|[from] item: Leftovers
|-damage|p2a: Saturn V|52\/100 brn|[from] brn
|upkeep
|turn|30
|
|t:|1756679629
|switch|p2a: Jonathan Crane|Naganadel|88\/100
|-damage|p2a: Jonathan Crane|76\/100|[from] Stealth Rock
|move|p1a: Blacephalon|Flamethrower|p2a: Jonathan Crane
|-resisted|p2a: Jonathan Crane
|-damage|p2a: Jonathan Crane|34\/100
|
|upkeep
|turn|31
|
|t:|1756679709
|switch|p1a: Clodsire|Clodsire, M|74\/100
|move|p2a: Jonathan Crane|Draco Meteor|p1a: Clodsire
|-damage|p1a: Clodsire|37\/100
|-unboost|p2a: Jonathan Crane|spa|2
|
|-heal|p1a: Clodsire|43\/100|[from] item: Black Sludge
|upkeep
|turn|32
|
|t:|1756679751
|move|p2a: Jonathan Crane|Draco Meteor|p1a: Clodsire
|-damage|p1a: Clodsire|10\/100
|-unboost|p2a: Jonathan Crane|spa|2
|move|p1a: Clodsire|Recover|p1a: Clodsire
|-heal|p1a: Clodsire|60\/100
|
|-heal|p1a: Clodsire|66\/100|[from] item: Black Sludge
|upkeep
|turn|33
|
|t:|1756679795
|switch|p1a: Blacephalon|Blacephalon|100\/100
|move|p2a: Jonathan Crane|Draco Meteor|p1a: Blacephalon
|-damage|p1a: Blacephalon|64\/100
|-unboost|p2a: Jonathan Crane|spa|2
|
|upkeep
|turn|34
|
|t:|1756679837
|move|p2a: Jonathan Crane|Draco Meteor|p1a: Blacephalon
|-damage|p1a: Blacephalon|33\/100
|move|p1a: Blacephalon|Flamethrower|p2a: Jonathan Crane
|-resisted|p2a: Jonathan Crane
|-damage|p2a: Jonathan Crane|0 fnt
|faint|p2a: Jonathan Crane
|-ability|p1a: Blacephalon|Beast Boost|boost
|-boost|p1a: Blacephalon|spa|1
|
|upkeep
|
|t:|1756679866
|switch|p2a: Messi|Cinderace, F|100\/100
|turn|35
|
|t:|1756679879
|switch|p1a: Genesect|Genesect, shiny|39\/100
|-ability|p1a: Genesect|Download|boost
|-boost|p1a: Genesect|atk|1
|move|p2a: Messi|Sucker Punch||[still]
|-fail|p2a: Messi
|
|upkeep
|turn|36
|
|t:|1756679918
|move|p2a: Messi|Pyro Ball|p1a: Genesect|[miss]
|-miss|p2a: Messi|p1a: Genesect
|move|p1a: Genesect|Flash Cannon|p2a: Messi
|-resisted|p2a: Messi
|-damage|p2a: Messi|75\/100
|
|upkeep
|turn|37
|
|t:|1756679947
|move|p2a: Messi|Pyro Ball|p1a: Genesect
|-supereffective|p1a: Genesect
|-damage|p1a: Genesect|0 fnt
|faint|p1a: Genesect
|
|upkeep
|
|t:|1756679953
|switch|p1a: Palkia|Palkia-Origin|44\/100 tox
|-ability|p1a: Palkia|Pressure
|turn|38
|
|t:|1756679989
|switch|p2a: Saturn V|Celesteela|52\/100 brn
|-damage|p2a: Saturn V|40\/100 brn|[from] Stealth Rock
|move|p1a: Palkia|Surf|p2a: Saturn V
|-damage|p2a: Saturn V|0 fnt
|faint|p2a: Saturn V
|
|-damage|p1a: Palkia|38\/100 tox|[from] psn
|upkeep
|
|t:|1756680004
|switch|p2a: Messi|Cinderace, F|75\/100
|turn|39
|
|t:|1756680019
|move|p2a: Messi|Sucker Punch|p1a: Palkia
|-start|p2a: Messi|typechange|Dark|[from] ability: Libero
|-crit|p1a: Palkia
|-damage|p1a: Palkia|0 fnt
|faint|p1a: Palkia
|
|upkeep
|
|t:|1756680055
|switch|p1a: Clodsire|Clodsire, M|66\/100
|turn|40
|c|☆Crown Oji|sucks
|
|t:|1756680138
|move|p2a: Messi|Pyro Ball|p1a: Clodsire
|-damage|p1a: Clodsire|21\/100
|move|p1a: Clodsire|Recover|p1a: Clodsire
|-heal|p1a: Clodsire|71\/100
|
|-heal|p1a: Clodsire|77\/100|[from] item: Black Sludge
|upkeep
|turn|41
|
|t:|1756680205
|move|p2a: Messi|Pyro Ball|p1a: Clodsire|[miss]
|-miss|p2a: Messi|p1a: Clodsire
|move|p1a: Clodsire|Recover|p1a: Clodsire
|-heal|p1a: Clodsire|100\/100
|
|upkeep
|turn|42
|
|t:|1756680238
|move|p2a: Messi|Pyro Ball|p1a: Clodsire
|-damage|p1a: Clodsire|58\/100
|move|p1a: Clodsire|Yawn|p2a: Messi
|-start|p2a: Messi|move: Yawn|[of] p1a: Clodsire
|
|-heal|p1a: Clodsire|64\/100|[from] item: Black Sludge
|upkeep
|turn|43
|
|t:|1756680265
|move|p2a: Messi|Pyro Ball|p1a: Clodsire
|-damage|p1a: Clodsire|22\/100
|-status|p1a: Clodsire|brn
|move|p1a: Clodsire|Recover|p1a: Clodsire
|-heal|p1a: Clodsire|72\/100 brn
|
|-heal|p1a: Clodsire|79\/100 brn|[from] item: Black Sludge
|-damage|p1a: Clodsire|72\/100 brn|[from] brn
|-end|p2a: Messi|move: Yawn|[silent]
|-status|p2a: Messi|slp
|upkeep
|turn|44
|
|t:|1756680337
|switch|p1a: Blacephalon|Blacephalon|33\/100
|cant|p2a: Messi|slp
|
|upkeep
|turn|45
|
|t:|1756680345
|cant|p2a: Messi|slp
|move|p1a: Blacephalon|Flamethrower|p2a: Messi
|-damage|p2a: Messi|0 fnt
|faint|p2a: Messi
|
|win|Crown Oji
|c|☆Crown Oji|gg
|c|☆Prime13576|Ah gg
|l|☆Prime13576
|player|p2|
|l| elementalassasin

</script>
</div>
<div class="battle-log battle-log-inline"><div class="inner"><div class="battle-options"></div><div class="inner message-log"><div class="chat"><small>☆Crown Oji and ☆Prime13576 joined</small></div><div class=""><small>Format:</small> <br><strong>[Gen 9] NatDex Draft</strong></div><div class=""><small><em>Tera Type Preview:</em> Tera Types are shown at Team Preview</small></div><div class=""><small><em>Sleep Clause Mod:</em> Limit one foe put to sleep</small></div><div class=""><small><em>OHKO Clause:</em> OHKO moves are banned</small></div><div class=""><small><em>Evasion Clause:</em> Evasion abilities, items, and moves are banned</small></div><div class=""><small><em>Evasion Abilities Clause:</em> Evasion abilities are banned</small></div><div class=""><small><em>Evasion Items Clause:</em> Evasion items are banned</small></div><div class=""><small><em>Evasion Moves Clause:</em> Evasion moves are banned</small></div><div class=""><small><em>Endless Battle Clause:</em> Forcing endless battles is banned</small></div><div class=""><small><em>HP Percentage Mod:</em> HP is shown in percentages</small></div><div class="chat"><div class="infobox"><details class="readmore" open=""><summary><strong>1 custom rule:</strong></summary> Tera Type Preview</details></div></div><div class="chat">Crown Oji's Tera Types:<br><span class="picon" style="background:transparent url(https://play.pokemonshowdown.com/sprites/pokemonicons-sheet.png?v19) no-repeat scroll -80px -2010px"></span><img src="https://play.pokemonshowdown.com/sprites/types/Fire.png" alt="Fire" height="14" width="32" class="pixelated"> / <span class="picon" style="background:transparent url(https://play.pokemonshowdown.com/sprites/pokemonicons-sheet.png?v19) no-repeat scroll -40px -1620px"></span><img src="https://play.pokemonshowdown.com/sprites/types/Bug.png" alt="Bug" height="14" width="32" class="pixelated"> / <span class="picon" style="background:transparent url(https://play.pokemonshowdown.com/sprites/pokemonicons-sheet.png?v19) no-repeat scroll -320px -2430px"></span><img src="https://play.pokemonshowdown.com/sprites/types/Poison.png" alt="Poison" height="14" width="32" class="pixelated"> / <span class="picon" style="background:transparent url(https://play.pokemonshowdown.com/sprites/pokemonicons-sheet.png?v19) no-repeat scroll -400px -3150px"></span><img src="https://play.pokemonshowdown.com/sprites/types/Water.png" alt="Water" height="14" width="32" class="pixelated"> / <span class="picon" style="background:transparent url(https://play.pokemonshowdown.com/sprites/pokemonicons-sheet.png?v19) no-repeat scroll -80px -870px"></span><img src="https://play.pokemonshowdown.com/sprites/types/Water.png" alt="Water" height="14" width="32" class="pixelated"> / <span class="picon" style="background:transparent url(https://play.pokemonshowdown.com/sprites/pokemonicons-sheet.png?v19) no-repeat scroll -240px -2130px"></span><img src="https://play.pokemonshowdown.com/sprites/types/Steel.png" alt="Steel" height="14" width="32" class="pixelated"></div><div class="chat">Prime13576's Tera Types:<br><span class="picon" style="background:transparent url(https://play.pokemonshowdown.com/sprites/pokemonicons-sheet.png?v19) no-repeat scroll -360px -2730px"></span><img src="https://play.pokemonshowdown.com/sprites/types/Dragon.png" alt="Dragon" height="14" width="32" class="pixelated"> / <span class="picon" style="background:transparent url(https://play.pokemonshowdown.com/sprites/pokemonicons-sheet.png?v19) no-repeat scroll -0px -2010px"></span><img src="https://play.pokemonshowdown.com/sprites/types/Poison.png" alt="Poison" height="14" width="32" class="pixelated"> / <span class="picon" style="background:transparent url(https://play.pokemonshowdown.com/sprites/pokemonicons-sheet.png?v19) no-repeat scroll -120px -1050px"></span><img src="https://play.pokemonshowdown.com/sprites/types/Water.png" alt="Water" height="14" width="32" class="pixelated"> / <span class="picon" style="background:transparent url(https://play.pokemonshowdown.com/sprites/pokemonicons-sheet.png?v19) no-repeat scroll -200px -1980px"></span><img src="https://play.pokemonshowdown.com/sprites/types/Steel.png" alt="Steel" height="14" width="32" class="pixelated"> / <span class="picon" style="background:transparent url(https://play.pokemonshowdown.com/sprites/pokemonicons-sheet.png?v19) no-repeat scroll -440px -2010px"></span><img src="https://play.pokemonshowdown.com/sprites/types/Fire.png" alt="Fire" height="14" width="32" class="pixelated"> / <span class="picon" style="background:transparent url(https://play.pokemonshowdown.com/sprites/pokemonicons-sheet.png?v19) no-repeat scroll -400px -1920px"></span><img src="https://play.pokemonshowdown.com/sprites/types/Fairy.png" alt="Fairy" height="14" width="32" class="pixelated"></div><div class="chat battle-history"><strong>Crown Oji's team:</strong> <em style="color:#445566;display:block;">Blacephalon / Genesect / Clodsire / Palkia-Origin / Milotic / Hatterene</em></div><div class="chat battle-history"><strong>Prime13576's team:</strong> <em style="color:#445566;display:block;">Kyurem-Black / Naganadel / Gastrodon / Celesteela / Cinderace / Mimikyu</em></div><div class="chat chatmessage-prime13576"><strong style="color:#0bb7b2"><small class="groupsymbol">☆</small><span class="username">Prime13576</span>:</strong> <em>Good luck!</em></div><div class="chat chatmessage-crownoji"><strong style="color:#bf1d4a"><small class="groupsymbol">☆</small><span class="username">Crown Oji</span>:</strong> <em>u2</em></div><div class="spacer battle-history"><br></div><div class="battle-history">Battle started between Crown Oji and Prime13576!<br></div><div class="spacer battle-history"><br></div><div class="battle-history">Go! Palkia (<strong>Palkia-Origin</strong>)!<br></div><div class="spacer battle-history"><br></div><div class="battle-history">Prime13576 sent out Messi (<strong>Cinderace</strong>)!<br></div><div class="battle-history">[Palkia's Pressure]<br><small>Palkia is exerting its pressure!</small><br></div><div class="spacer battle-history"><br></div><h2 class="battle-history">Turn 1</h2><div class="chat"><small> ChillerFrost,  serendipidu,  DoctaShock, and  Phantom0rion joined</small></div><div class="spacer battle-history"><br></div><div class="battle-history">Prime13576 withdrew Messi!<br></div><div class="battle-history">Prime13576 sent out Klaud (<strong>Gastrodon</strong>)!<br></div><div class="spacer battle-history"><br></div><div class="battle-history">Palkia used <strong>Surf</strong>!<br></div><div class="battle-history">[The opposing Klaud's Storm Drain]<br></div><div class="battle-history"><small>The opposing Klaud's Sp. Atk rose!</small><br></div><div class="spacer battle-history"><br></div><h2 class="battle-history">Turn 2</h2><div class="spacer battle-history"><br></div><div class="battle-history">Palkia used <strong>Toxic</strong>!<br></div><div class="battle-history"><small>The opposing Klaud was badly poisoned!</small><br></div><div class="spacer battle-history"><br></div><div class="battle-history">The opposing Klaud used <strong>Toxic</strong>!<br></div><div class="battle-history"><small>Palkia was badly poisoned!</small><br></div><div class="spacer battle-history"><br></div><div class="battle-history"><small>Palkia was hurt by poison!</small><br></div><div class="battle-history"><small>The opposing Klaud was hurt by poison!</small><br></div><div class="spacer battle-history"><br></div><h2 class="battle-history">Turn 3</h2><div class="spacer battle-history"><br></div><div class="battle-history">Palkia, come back!<br></div><div class="battle-history">Go! <strong>Hatterene</strong>!<br></div><div class="spacer battle-history"><br></div><div class="battle-history">The opposing Klaud used <strong>Recover</strong>!<br></div><div class="battle-history"><small>The opposing Klaud had its HP restored.</small><br></div><div class="spacer battle-history"><br></div><div class="battle-history"><small>The opposing Klaud was hurt by poison!</small><br></div><div class="spacer battle-history"><br></div><h2 class="battle-history">Turn 4</h2><div class="chat"><small> daotxtoad joined</small></div><div class="spacer battle-history"><br></div><div class="battle-history">Prime13576 withdrew Klaud!<br></div><div class="battle-history">Prime13576 sent out Saturn V (<strong>Celesteela</strong>)!<br></div><div class="spacer battle-history"><br></div><div class="battle-history">Hatterene used <strong>Future Sight</strong>!<br></div><div class="battle-history"><small>Hatterene foresaw an attack!</small><br></div><div class="spacer battle-history"><br></div><h2 class="battle-history">Turn 5</h2><div class="spacer battle-history"><br></div><div class="battle-history"><small>Hatterene has Terastallized into the Steel-type!</small><br></div><div class="spacer battle-history"><br></div><div class="battle-history">The opposing Saturn V used <strong>Heavy Slam</strong>!<br></div><div class="battle-history"><small>It's not very effective...</small><br></div><div class="battle-history"><small>(Hatterene lost 16% of its health!)</small><br></div><div class="spacer battle-history"><br></div><div class="battle-history">Hatterene used <strong>Mystical Fire</strong>!<br></div><div class="battle-history"><small>It's super effective!</small><br></div><div class="battle-history"><small>(The opposing Saturn V lost 29% of its health!)</small><br></div><div class="battle-history"><small>The opposing Saturn V's Sp. Atk fell!</small><br></div><div class="spacer battle-history"><br></div><div class="battle-history"><small>The opposing Saturn V restored a little HP using its Leftovers!</small><br></div><div class="battle-history"><small>Hatterene restored a little HP using its Leftovers!</small><br></div><div class="spacer battle-history"><br></div><h2 class="battle-history">Turn 6</h2><div class="spacer battle-history"><br></div><div class="battle-history">Prime13576 withdrew Saturn V!<br></div><div class="battle-history">Prime13576 sent out Klaud (<strong>Gastrodon</strong>)!<br></div><div class="spacer battle-history"><br></div><div class="battle-history">Hatterene used <strong>Psychic</strong>!<br></div><div class="battle-history"><small>(The opposing Klaud lost 28% of its health!)</small><br></div><div class="battle-history"><small>The opposing Klaud's Sp. Def fell!</small><br></div><div class="spacer battle-history"><br></div><div class="battle-history"><small>The opposing Klaud took the Future Sight attack!</small><br></div><div class="battle-history"><small>(The opposing Klaud lost 48% of its health!)</small><br></div><div class="battle-history"><small>The opposing Klaud restored a little HP using its Leftovers!</small><br></div><div class="battle-history"><small>Hatterene restored a little HP using its Leftovers!</small><br></div><div class="battle-history"><small>The opposing Klaud was hurt by poison!</small><br></div><div class="spacer battle-history"><br></div><h2 class="battle-history">Turn 7</h2><div class="spacer battle-history"><br></div><div class="battle-history">The opposing Klaud used <strong>Earth Power</strong>!<br></div><div class="battle-history"><small>It's super effective!</small><br></div><div class="battle-history"><small>(Hatterene lost 56% of its health!)</small><br></div><div class="spacer battle-history"><br></div><div class="battle-history">Hatterene used <strong>Psychic</strong>!<br></div><div class="battle-history"><small>(The opposing Klaud lost 12% of its health!)</small><br></div><div class="spacer battle-history"><br></div><div class="battle-history">The opposing Klaud fainted!<br></div><div class="spacer battle-history"><br></div><div class="battle-history"><small>Hatterene restored a little HP using its Leftovers!</small><br></div><div class="spacer battle-history"><br></div><div class="battle-history">Prime13576 sent out Best Pokemon Game (<strong>Kyurem-Black</strong>)!<br></div><div class="battle-history">[The opposing Best Pokemon Game's Teravolt]<br><small>The opposing Best Pokemon Game is radiating a bursting aura!</small><br></div><div class="spacer battle-history"><br></div><h2 class="battle-history">Turn 8</h2><div class="spacer battle-history"><br></div><div class="battle-history">The opposing Best Pokemon Game used <strong>Earth Power</strong>!<br></div><div class="battle-history"><small>It's super effective!</small><br></div><div class="battle-history"><small>(Hatterene lost 46% of its health!)</small><br></div><div class="spacer battle-history"><br></div><div class="battle-history">Hatterene fainted!<br></div><div class="battle-history"><small>The opposing Best Pokemon Game lost some of its HP!</small><br></div><div class="spacer battle-history"><br></div><div class="battle-history">Go! <strong>Genesect</strong>!<br></div><div class="battle-history">[Genesect's Download]<br></div><div class="battle-history"><small>Genesect's Sp. Atk rose!</small><br></div><div class="spacer battle-history"><br></div><h2 class="battle-history">Turn 9</h2><div class="spacer battle-history"><br></div><div class="battle-history">Prime13576 withdrew Best Pokemon Game!<br></div><div class="battle-history">Prime13576 sent out Saturn V (<strong>Celesteela</strong>)!<br></div><div class="spacer battle-history"><br></div><div class="battle-history">Genesect used <strong>Flash Cannon</strong>!<br></div><div class="battle-history"><small>It's not very effective...</small><br></div><div class="battle-history"><small>(The opposing Saturn V lost 18% of its health!)</small><br></div><div class="spacer battle-history"><br></div><div class="battle-history"><small>The opposing Saturn V restored a little HP using its Leftovers!</small><br></div><div class="spacer battle-history"><br></div><h2 class="battle-history">Turn 10</h2><div class="spacer battle-history"><br></div><div class="battle-history">Genesect, come back!<br></div><div class="battle-history">Go! <strong>Milotic</strong>!<br></div><div class="spacer battle-history"><br></div><div class="battle-history">The opposing Saturn V used <strong>Flamethrower</strong>!<br></div><div class="battle-history"><small>It's not very effective...</small><br></div><div class="battle-history"><small>(Milotic lost 7% of its health!)</small><br></div><div class="spacer battle-history"><br></div><div class="battle-history"><small>Milotic restored a little HP using its Leftovers!</small><br></div><div class="battle-history"><small>The opposing Saturn V restored a little HP using its Leftovers!</small><br></div><div class="spacer battle-history"><br></div><h2 class="battle-history">Turn 11</h2><div class="spacer battle-history"><br></div><div class="battle-history">Milotic used <strong>Scald</strong>!<br></div><div class="battle-history"><small>(The opposing Saturn V lost 16% of its health!)</small><br></div><div class="spacer battle-history"><br></div><div class="battle-history">The opposing Saturn V used <strong>Leech Seed</strong>!<br></div><div class="battle-history"><small>Milotic was seeded!</small><br></div><div class="spacer battle-history"><br></div><div class="battle-history"><small>Milotic restored a little HP using its Leftovers!</small><br></div><div class="battle-history"><small>The opposing Saturn V restored a little HP using its Leftovers!</small><br></div><div class="battle-history"><small>Milotic's health is sapped by Leech Seed!</small><br></div><div class="spacer battle-history"><br></div><h2 class="battle-history">Turn 12</h2><div class="chat"><small> elementalassasin joined</small></div><div class="spacer battle-history"><br></div><div class="battle-history">The opposing Saturn V used <strong>Protect</strong>!<br></div><div class="battle-history"><small>The opposing Saturn V protected itself!</small><br></div><div class="spacer battle-history"><br></div><div class="battle-history">Milotic used <strong>Scald</strong>!<br></div><div class="battle-history"><small>The opposing Saturn V protected itself!</small><br></div><div class="spacer battle-history"><br></div><div class="battle-history"><small>Milotic restored a little HP using its Leftovers!</small><br></div><div class="battle-history"><small>The opposing Saturn V restored a little HP using its Leftovers!</small><br></div><div class="battle-history"><small>Milotic's health is sapped by Leech Seed!</small><br></div><div class="spacer battle-history"><br></div><h2 class="battle-history">Turn 13</h2><div class="spacer battle-history"><br></div><div class="battle-history">Prime13576 withdrew Saturn V!<br></div><div class="battle-history">Prime13576 sent out Best Pokemon Game (<strong>Kyurem-Black</strong>)!<br></div><div class="battle-history">[The opposing Best Pokemon Game's Teravolt]<br><small>The opposing Best Pokemon Game is radiating a bursting aura!</small><br></div><div class="spacer battle-history"><br></div><div class="battle-history">Milotic used <strong>Scald</strong>!<br></div><div class="battle-history"><small>It's not very effective...</small><br></div><div class="battle-history"><small>(The opposing Best Pokemon Game lost 15% of its health!)</small><br></div><div class="spacer battle-history"><br></div><div class="battle-history"><small>Milotic restored a little HP using its Leftovers!</small><br></div><div class="battle-history"><small>Milotic's health is sapped by Leech Seed!</small><br></div><div class="spacer battle-history"><br></div><h2 class="battle-history">Turn 14</h2><div class="spacer battle-history"><br></div><div class="battle-history">Milotic, come back!<br></div><div class="battle-history">Go! <strong>Genesect</strong>!<br></div><div class="battle-history">[Genesect's Download]<br></div><div class="battle-history"><small>Genesect's Sp. Atk rose!</small><br></div><div class="spacer battle-history"><br></div><div class="battle-history">The opposing Best Pokemon Game used <strong>Earth Power</strong>!<br></div><div class="battle-history"><small>(Genesect lost 49% of its health!)</small><br></div><div class="battle-history"><small>The opposing Best Pokemon Game lost some of its HP!</small><br></div><div class="spacer battle-history"><br></div><h2 class="battle-history">Turn 15</h2><div class="spacer battle-history"><br></div><div class="battle-history">Genesect used <strong>Flash Cannon</strong>!<br></div><div class="battle-history"><small>It's super effective!</small><br></div><div class="battle-history"><small>(The opposing Best Pokemon Game lost 79% of its health!)</small><br></div><div class="spacer battle-history"><br></div><div class="battle-history">The opposing Best Pokemon Game fainted!<br></div><div class="spacer battle-history"><br></div><div class="battle-history">Prime13576 sent out Saturn V (<strong>Celesteela</strong>)!<br></div><div class="spacer battle-history"><br></div><h2 class="battle-history">Turn 16</h2><div class="spacer battle-history"><br></div><div class="battle-history">Genesect, come back!<br></div><div class="battle-history">Go! <strong>Milotic</strong>!<br></div><div class="spacer battle-history"><br></div><div class="battle-history">The opposing Saturn V used <strong>Flamethrower</strong>!<br></div><div class="battle-history"><small>It's not very effective...</small><br></div><div class="battle-history"><small>(Milotic lost 6% of its health!)</small><br></div><div class="spacer battle-history"><br></div><div class="battle-history"><small>Milotic restored a little HP using its Leftovers!</small><br></div><div class="battle-history"><small>The opposing Saturn V restored a little HP using its Leftovers!</small><br></div><div class="spacer battle-history"><br></div><h2 class="battle-history">Turn 17</h2><div class="spacer battle-history"><br></div><div class="battle-history">Milotic used <strong>Scald</strong>!<br></div><div class="battle-history"><small>(The opposing Saturn V lost 18% of its health!)</small><br></div><div class="battle-history"><small>The opposing Saturn V was burned!</small><br></div><div class="spacer battle-history"><br></div><div class="battle-history">The opposing Saturn V used <strong>Leech Seed</strong>!<br></div><div class="battle-history"><small>Milotic was seeded!</small><br></div><div class="spacer battle-history"><br></div><div class="battle-history"><small>Milotic restored a little HP using its Leftovers!</small><br></div><div class="battle-history"><small>The opposing Saturn V restored a little HP using its Leftovers!</small><br></div><div class="battle-history"><small>Milotic's health is sapped by Leech Seed!</small><br></div><div class="battle-history"><small>The opposing Saturn V was hurt by its burn!</small><br></div><div class="spacer battle-history"><br></div><h2 class="battle-history">Turn 18</h2><div class="spacer battle-history"><br></div><div class="battle-history">Milotic, come back!<br></div><div class="battle-history">Go! Palkia (<strong>Palkia-Origin</strong>)!<br></div><div class="battle-history">[Palkia's Pressure]<br><small>Palkia is exerting its pressure!</small><br></div><div class="spacer battle-history"><br></div><div class="battle-history">The opposing Saturn V used <strong>Protect</strong>!<br></div><div class="battle-history"><small>But it failed!</small><br></div><div class="spacer battle-history"><br></div><div class="battle-history"><small>The opposing Saturn V restored a little HP using its Leftovers!</small><br></div><div class="battle-history"><small>Palkia was hurt by poison!</small><br></div><div class="battle-history"><small>The opposing Saturn V was hurt by its burn!</small><br></div><div class="spacer battle-history"><br></div><h2 class="battle-history">Turn 19</h2><div class="spacer battle-history"><br></div><div class="battle-history">Prime13576 withdrew Saturn V!<br></div><div class="battle-history">Prime13576 sent out Kermit (<strong>Mimikyu</strong>)!<br></div><div class="spacer battle-history"><br></div><div class="battle-history">Palkia used <strong>Flamethrower</strong>!<br></div><div class="battle-history">[The opposing Kermit's Disguise]<br><small>Its disguise served it as a decoy!</small><br></div><div class="battle-history"><small>(The opposing Kermit lost 0% of its health!)</small><br></div><div class="battle-history">The opposing Kermit's disguise was busted!<br></div><div class="battle-history"><small>(The opposing Kermit was hurt!)</small><br></div><div class="spacer battle-history"><br></div><div class="battle-history"><small>Palkia was hurt by poison!</small><br></div><div class="spacer battle-history"><br></div><h2 class="battle-history">Turn 20</h2><div class="spacer battle-history"><br></div><div class="battle-history">Palkia, come back!<br></div><div class="battle-history">Go! <strong>Milotic</strong>!<br></div><div class="spacer battle-history"><br></div><div class="battle-history">The opposing Kermit used <strong>Play Rough</strong>!<br></div><div class="battle-history"><small>(Milotic lost 32% of its health!)</small><br></div><div class="battle-history"><small>The opposing Kermit lost some of its HP!</small><br></div><div class="spacer battle-history"><br></div><div class="battle-history"><small>Milotic restored a little HP using its Leftovers!</small><br></div><div class="spacer battle-history"><br></div><h2 class="battle-history">Turn 21</h2><div class="spacer battle-history"><br></div><div class="battle-history">The opposing Kermit used <strong>Wood Hammer</strong>!<br></div><div class="battle-history"><small>It's super effective!</small><br></div><div class="battle-history"><small>(Milotic lost 42% of its health!)</small><br></div><div class="spacer battle-history"><br></div><div class="battle-history">Milotic fainted!<br></div><div class="battle-history"><small>The opposing Kermit was damaged by the recoil!</small><br></div><div class="battle-history"><small>The opposing Kermit lost some of its HP!</small><br></div><div class="spacer battle-history"><br></div><div class="battle-history">Go! <strong>Clodsire</strong>!<br></div><div class="spacer battle-history"><br></div><h2 class="battle-history">Turn 22</h2><div class="spacer battle-history"><br></div><div class="battle-history">Prime13576 withdrew Kermit!<br></div><div class="battle-history">Prime13576 sent out Saturn V (<strong>Celesteela</strong>)!<br></div><div class="spacer battle-history"><br></div><div class="battle-history">Clodsire used <strong>Stealth Rock</strong>!<br></div><div class="battle-history"><small>Pointed stones float in the air around the opposing team!</small><br></div><div class="spacer battle-history"><br></div><div class="battle-history"><small>The opposing Saturn V restored a little HP using its Leftovers!</small><br></div><div class="battle-history"><small>The opposing Saturn V was hurt by its burn!</small><br></div><div class="spacer battle-history"><br></div><h2 class="battle-history">Turn 23</h2><div class="spacer battle-history"><br></div><div class="battle-history">Clodsire, come back!<br></div><div class="battle-history">Go! <strong>Genesect</strong>!<br></div><div class="battle-history">[Genesect's Download]<br></div><div class="battle-history"><small>Genesect's Attack rose!</small><br></div><div class="spacer battle-history"><br></div><div class="battle-history">The opposing Saturn V used <strong>Leech Seed</strong>!<br></div><div class="battle-history"><small>Genesect was seeded!</small><br></div><div class="spacer battle-history"><br></div><div class="battle-history"><small>The opposing Saturn V restored a little HP using its Leftovers!</small><br></div><div class="battle-history"><small>Genesect's health is sapped by Leech Seed!</small><br></div><div class="battle-history"><small>The opposing Saturn V was hurt by its burn!</small><br></div><div class="spacer battle-history"><br></div><h2 class="battle-history">Turn 24</h2><div class="spacer battle-history"><br></div><div class="battle-history">Genesect, come back!<br></div><div class="battle-history">Go! Palkia (<strong>Palkia-Origin</strong>)!<br></div><div class="battle-history">[Palkia's Pressure]<br><small>Palkia is exerting its pressure!</small><br></div><div class="spacer battle-history"><br></div><div class="battle-history">The opposing Saturn V used <strong>Protect</strong>!<br></div><div class="battle-history"><small>But it failed!</small><br></div><div class="spacer battle-history"><br></div><div class="battle-history"><small>The opposing Saturn V restored a little HP using its Leftovers!</small><br></div><div class="battle-history"><small>Palkia was hurt by poison!</small><br></div><div class="battle-history"><small>The opposing Saturn V was hurt by its burn!</small><br></div><div class="spacer battle-history"><br></div><h2 class="battle-history">Turn 25</h2><div class="spacer battle-history"><br></div><div class="battle-history">Palkia used <strong>Surf</strong>!<br></div><div class="battle-history"><small>(The opposing Saturn V lost 39% of its health!)</small><br></div><div class="spacer battle-history"><br></div><div class="battle-history">The opposing Saturn V used <strong>Leech Seed</strong>!<br></div><div class="battle-history"><small>Palkia was seeded!</small><br></div><div class="spacer battle-history"><br></div><div class="battle-history"><small>The opposing Saturn V restored a little HP using its Leftovers!</small><br></div><div class="battle-history"><small>Palkia's health is sapped by Leech Seed!</small><br></div><div class="battle-history"><small>Palkia was hurt by poison!</small><br></div><div class="battle-history"><small>The opposing Saturn V was hurt by its burn!</small><br></div><div class="spacer battle-history"><br></div><h2 class="battle-history">Turn 26</h2><div class="spacer battle-history"><br></div><div class="battle-history">Palkia, come back!<br></div><div class="battle-history">Go! <strong>Blacephalon</strong>!<br></div><div class="spacer battle-history"><br></div><div class="battle-history">The opposing Saturn V used <strong>Protect</strong>!<br></div><div class="battle-history"><small>But it failed!</small><br></div><div class="spacer battle-history"><br></div><div class="battle-history"><small>The opposing Saturn V restored a little HP using its Leftovers!</small><br></div><div class="battle-history"><small>The opposing Saturn V was hurt by its burn!</small><br></div><div class="spacer battle-history"><br></div><h2 class="battle-history">Turn 27</h2><div class="spacer battle-history"><br></div><div class="battle-history">Prime13576 withdrew Saturn V!<br></div><div class="battle-history">Prime13576 sent out Kermit (<strong>Mimikyu-Busted</strong>)!<br></div><div class="battle-history"><small>Pointed stones dug into the opposing Kermit!</small><br></div><div class="spacer battle-history"><br></div><div class="battle-history">Blacephalon used <strong>Flamethrower</strong>!<br></div><div class="battle-history"><small>(The opposing Kermit lost 35% of its health!)</small><br></div><div class="spacer battle-history"><br></div><div class="battle-history">The opposing Kermit fainted!<br></div><div class="battle-history">[Blacephalon's Beast Boost]<br></div><div class="battle-history"><small>Blacephalon's Sp. Atk rose!</small><br></div><div class="spacer battle-history"><br></div><div class="battle-history">Prime13576 sent out Jonathan Crane (<strong>Naganadel</strong>)!<br></div><div class="battle-history"><small>Pointed stones dug into the opposing Jonathan Crane!</small><br></div><div class="spacer battle-history"><br></div><h2 class="battle-history">Turn 28</h2><div class="spacer battle-history"><br></div><div class="battle-history">Blacephalon, come back!<br></div><div class="battle-history">Go! <strong>Clodsire</strong>!<br></div><div class="spacer battle-history"><br></div><div class="battle-history">The opposing Jonathan Crane used <strong>Draco Meteor</strong>!<br></div><div class="battle-history"><small>(Clodsire lost 33% of its health!)</small><br></div><div class="battle-history"><small>The opposing Jonathan Crane's Sp. Atk fell harshly!</small><br></div><div class="spacer battle-history"><br></div><div class="battle-history"><small>Clodsire restored a little HP using its Black Sludge!</small><br></div><div class="spacer battle-history"><br></div><h2 class="battle-history">Turn 29</h2><div class="spacer battle-history"><br></div><div class="battle-history">Prime13576 withdrew Jonathan Crane!<br></div><div class="battle-history">Prime13576 sent out Saturn V (<strong>Celesteela</strong>)!<br></div><div class="battle-history"><small>Pointed stones dug into the opposing Saturn V!</small><br></div><div class="spacer battle-history"><br></div><div class="battle-history">Clodsire, come back!<br></div><div class="battle-history">Go! <strong>Blacephalon</strong>!<br></div><div class="spacer battle-history"><br></div><div class="battle-history"><small>The opposing Saturn V restored a little HP using its Leftovers!</small><br></div><div class="battle-history"><small>The opposing Saturn V was hurt by its burn!</small><br></div><div class="spacer battle-history"><br></div><h2 class="battle-history">Turn 30</h2><div class="spacer battle-history"><br></div><div class="battle-history">Prime13576 withdrew Saturn V!<br></div><div class="battle-history">Prime13576 sent out Jonathan Crane (<strong>Naganadel</strong>)!<br></div><div class="battle-history"><small>Pointed stones dug into the opposing Jonathan Crane!</small><br></div><div class="spacer battle-history"><br></div><div class="battle-history">Blacephalon used <strong>Flamethrower</strong>!<br></div><div class="battle-history"><small>It's not very effective...</small><br></div><div class="battle-history"><small>(The opposing Jonathan Crane lost 42% of its health!)</small><br></div><div class="spacer battle-history"><br></div><h2 class="battle-history">Turn 31</h2><div class="spacer battle-history"><br></div><div class="battle-history">Blacephalon, come back!<br></div><div class="battle-history">Go! <strong>Clodsire</strong>!<br></div><div class="spacer battle-history"><br></div><div class="battle-history">The opposing Jonathan Crane used <strong>Draco Meteor</strong>!<br></div><div class="battle-history"><small>(Clodsire lost 37% of its health!)</small><br></div><div class="battle-history"><small>The opposing Jonathan Crane's Sp. Atk fell harshly!</small><br></div><div class="spacer battle-history"><br></div><div class="battle-history"><small>Clodsire restored a little HP using its Black Sludge!</small><br></div><div class="spacer battle-history"><br></div><h2 class="battle-history">Turn 32</h2><div class="spacer battle-history"><br></div><div class="battle-history">The opposing Jonathan Crane used <strong>Draco Meteor</strong>!<br></div><div class="battle-history"><small>(Clodsire lost 33% of its health!)</small><br></div><div class="battle-history"><small>The opposing Jonathan Crane's Sp. Atk fell harshly!</small><br></div><div class="spacer battle-history"><br></div><div class="battle-history">Clodsire used <strong>Recover</strong>!<br></div><div class="battle-history"><small>Clodsire had its HP restored.</small><br></div><div class="spacer battle-history"><br></div><div class="battle-history"><small>Clodsire restored a little HP using its Black Sludge!</small><br></div><div class="spacer battle-history"><br></div><h2 class="battle-history">Turn 33</h2><div class="spacer battle-history"><br></div><div class="battle-history">Clodsire, come back!<br></div><div class="battle-history">Go! <strong>Blacephalon</strong>!<br></div><div class="spacer battle-history"><br></div><div class="battle-history">The opposing Jonathan Crane used <strong>Draco Meteor</strong>!<br></div><div class="battle-history"><small>(Blacephalon lost 36% of its health!)</small><br></div><div class="battle-history"><small>The opposing Jonathan Crane's Sp. Atk fell harshly!</small><br></div><div class="spacer battle-history"><br></div><h2 class="battle-history">Turn 34</h2><div class="spacer battle-history"><br></div><div class="battle-history">The opposing Jonathan Crane used <strong>Draco Meteor</strong>!<br></div><div class="battle-history"><small>(Blacephalon lost 31% of its health!)</small><br></div><div class="spacer battle-history"><br></div><div class="battle-history">Blacephalon used <strong>Flamethrower</strong>!<br></div><div class="battle-history"><small>It's not very effective...</small><br></div><div class="battle-history"><small>(The opposing Jonathan Crane lost 34% of its health!)</small><br></div><div class="spacer battle-history"><br></div><div class="battle-history">The opposing Jonathan Crane fainted!<br></div><div class="battle-history">[Blacephalon's Beast Boost]<br></div><div class="battle-history"><small>Blacephalon's Sp. Atk rose!</small><br></div><div class="spacer battle-history"><br></div><div class="battle-history">Prime13576 sent out Messi (<strong>Cinderace</strong>)!<br></div><div class="spacer battle-history"><br></div><h2 class="battle-history">Turn 35</h2><div class="spacer battle-history"><br></div><div class="battle-history">Blacephalon, come back!<br></div><div class="battle-history">Go! <strong>Genesect</strong>!<br></div><div class="battle-history">[Genesect's Download]<br></div><div class="battle-history"><small>Genesect's Attack rose!</small><br></div><div class="spacer battle-history"><br></div><div class="battle-history">The opposing Messi used <strong>Sucker Punch</strong>!<br></div><div class="battle-history"><small>But it failed!</small><br></div><div class="spacer battle-history"><br></div><h2 class="battle-history">Turn 36</h2><div class="spacer battle-history"><br></div><div class="battle-history">The opposing Messi used <strong>Pyro Ball</strong>!<br></div><div class="battle-history"><small>Genesect avoided the attack!</small><br></div><div class="spacer battle-history"><br></div><div class="battle-history">Genesect used <strong>Flash Cannon</strong>!<br></div><div class="battle-history"><small>It's not very effective...</small><br></div><div class="battle-history"><small>(The opposing Messi lost 25% of its health!)</small><br></div><div class="spacer battle-history"><br></div><h2 class="battle-history">Turn 37</h2><div class="spacer battle-history"><br></div><div class="battle-history">The opposing Messi used <strong>Pyro Ball</strong>!<br></div><div class="battle-history"><small>It's super effective!</small><br></div><div class="battle-history"><small>(Genesect lost 39% of its health!)</small><br></div><div class="spacer battle-history"><br></div><div class="battle-history">Genesect fainted!<br></div><div class="spacer battle-history"><br></div><div class="battle-history">Go! Palkia (<strong>Palkia-Origin</strong>)!<br></div><div class="battle-history">[Palkia's Pressure]<br><small>Palkia is exerting its pressure!</small><br></div><div class="spacer battle-history"><br></div><h2 class="battle-history">Turn 38</h2><div class="spacer battle-history"><br></div><div class="battle-history">Prime13576 withdrew Messi!<br></div><div class="battle-history">Prime13576 sent out Saturn V (<strong>Celesteela</strong>)!<br></div><div class="battle-history"><small>Pointed stones dug into the opposing Saturn V!</small><br></div><div class="spacer battle-history"><br></div><div class="battle-history">Palkia used <strong>Surf</strong>!<br></div><div class="battle-history"><small>(The opposing Saturn V lost 40% of its health!)</small><br></div><div class="spacer battle-history"><br></div><div class="battle-history">The opposing Saturn V fainted!<br></div><div class="spacer battle-history"><br></div><div class="battle-history"><small>Palkia was hurt by poison!</small><br></div><div class="spacer battle-history"><br></div><div class="battle-history">Prime13576 sent out Messi (<strong>Cinderace</strong>)!<br></div><div class="spacer battle-history"><br></div><h2 class="battle-history">Turn 39</h2><div class="spacer battle-history"><br></div><div class="battle-history">The opposing Messi used <strong>Sucker Punch</strong>!<br></div><div class="battle-history">[The opposing Messi's Libero]<br><small>The opposing Messi's type changed to Dark!</small><br></div><div class="battle-history"><small>A critical hit!</small><br></div><div class="battle-history"><small>(Palkia lost 38% of its health!)</small><br></div><div class="spacer battle-history"><br></div><div class="battle-history">Palkia fainted!<br></div><div class="spacer battle-history"><br></div><div class="battle-history">Go! <strong>Clodsire</strong>!<br></div><div class="spacer battle-history"><br></div><h2 class="battle-history">Turn 40</h2><div class="chat chatmessage-crownoji"><strong style="color:#bf1d4a"><small class="groupsymbol">☆</small><span class="username">Crown Oji</span>:</strong> <em>sucks</em></div><div class="spacer battle-history"><br></div><div class="battle-history">The opposing Messi used <strong>Pyro Ball</strong>!<br></div><div class="battle-history"><small>(Clodsire lost 45% of its health!)</small><br></div><div class="spacer battle-history"><br></div><div class="battle-history">Clodsire used <strong>Recover</strong>!<br></div><div class="battle-history"><small>Clodsire had its HP restored.</small><br></div><div class="spacer battle-history"><br></div><div class="battle-history"><small>Clodsire restored a little HP using its Black Sludge!</small><br></div><div class="spacer battle-history"><br></div><h2 class="battle-history">Turn 41</h2><div class="spacer battle-history"><br></div><div class="battle-history">The opposing Messi used <strong>Pyro Ball</strong>!<br></div><div class="battle-history"><small>Clodsire avoided the attack!</small><br></div><div class="spacer battle-history"><br></div><div class="battle-history">Clodsire used <strong>Recover</strong>!<br></div><div class="battle-history"><small>Clodsire had its HP restored.</small><br></div><div class="spacer battle-history"><br></div><h2 class="battle-history">Turn 42</h2><div class="spacer battle-history"><br></div><div class="battle-history">The opposing Messi used <strong>Pyro Ball</strong>!<br></div><div class="battle-history"><small>(Clodsire lost 42% of its health!)</small><br></div><div class="spacer battle-history"><br></div><div class="battle-history">Clodsire used <strong>Yawn</strong>!<br></div><div class="battle-history"><small>The opposing Messi grew drowsy!</small><br></div><div class="spacer battle-history"><br></div><div class="battle-history"><small>Clodsire restored a little HP using its Black Sludge!</small><br></div><div class="spacer battle-history"><br></div><h2 class="battle-history">Turn 43</h2><div class="spacer battle-history"><br></div><div class="battle-history">The opposing Messi used <strong>Pyro Ball</strong>!<br></div><div class="battle-history"><small>(Clodsire lost 42% of its health!)</small><br></div><div class="battle-history"><small>Clodsire was burned!</small><br></div><div class="spacer battle-history"><br></div><div class="battle-history">Clodsire used <strong>Recover</strong>!<br></div><div class="battle-history"><small>Clodsire had its HP restored.</small><br></div><div class="spacer battle-history"><br></div><div class="battle-history"><small>Clodsire restored a little HP using its Black Sludge!</small><br></div><div class="battle-history"><small>Clodsire was hurt by its burn!</small><br></div><div class="battle-history"><small>The opposing Messi fell asleep!</small><br></div><div class="spacer battle-history"><br></div><h2 class="battle-history">Turn 44</h2><div class="spacer battle-history"><br></div><div class="battle-history">Clodsire, come back!<br></div><div class="battle-history">Go! <strong>Blacephalon</strong>!<br></div><div class="spacer battle-history"><br></div><div class="battle-history">The opposing Messi is fast asleep.<br></div><div class="spacer battle-history"><br></div><h2 class="battle-history">Turn 45</h2><div class="spacer battle-history"><br></div><div class="battle-history">The opposing Messi is fast asleep.<br></div><div class="spacer battle-history"><br></div><div class="battle-history">Blacephalon used <strong>Flamethrower</strong>!<br></div><div class="battle-history"><small>(The opposing Messi lost 75% of its health!)</small><br></div><div class="spacer battle-history"><br></div><div class="battle-history">The opposing Messi fainted!<br></div><div class="spacer battle-history"><br></div><div class="battle-history"><strong>Crown Oji</strong> won the battle!<br></div><div class="chat chatmessage-crownoji"><strong style="color:#bf1d4a"><small class="groupsymbol">☆</small><span class="username">Crown Oji</span>:</strong> <em>gg</em></div><div class="chat chatmessage-prime13576"><strong style="color:#0bb7b2"><small class="groupsymbol">☆</small><span class="username">Prime13576</span>:</strong> <em>Ah gg</em></div><div class="chat"><small>☆Prime13576 left</small></div><div class="chat"><small> elementalassasin left</small></div></div><div class="inner-preempt message-log"></div></div></div>
</div>
<script>
let daily = Math.floor(Date.now()/1000/60/60/24);document.write('<script src="https://play.pokemonshowdown.com/js/replay-embed.js?version'+daily+'"></'+'script>');
</script>
