<!DOCTYPE html>
<meta charset="utf-8" />
<!-- version 1 -->
<title>[Gen 9] NatDex Draft replay: Crown Oji vs. TheRealMuney</title>
<style>
html,body {font-family:Verdana, sans-serif;font-size:10pt;margin:0;padding:0;}body{padding:12px 0;} .battle-log {font-family:Verdana, sans-serif;font-size:10pt;} .battle-log-inline {border:1px solid #AAAAAA;background:#EEF2F5;color:black;max-width:640px;margin:0 auto 80px;padding-bottom:5px;} .battle-log .inner {padding:4px 8px 0px 8px;} .battle-log .inner-preempt {padding:0 8px 4px 8px;} .battle-log .inner-after {margin-top:0.5em;} .battle-log h2 {margin:0.5em -8px;padding:4px 8px;border:1px solid #AAAAAA;background:#E0E7EA;border-left:0;border-right:0;font-family:Verdana, sans-serif;font-size:13pt;} .battle-log .chat {vertical-align:middle;padding:3px 0 3px 0;font-size:8pt;} .battle-log .chat strong {color:#40576A;} .battle-log .chat em {padding:1px 4px 1px 3px;color:#000000;font-style:normal;} .chat.mine {background:rgba(0,0,0,0.05);margin-left:-8px;margin-right:-8px;padding-left:8px;padding-right:8px;} .spoiler {color:#BBBBBB;background:#BBBBBB;padding:0px 3px;} .spoiler:hover, .spoiler:active, .spoiler-shown {color:#000000;background:#E2E2E2;padding:0px 3px;} .spoiler a {color:#BBBBBB;} .spoiler:hover a, .spoiler:active a, .spoiler-shown a {color:#2288CC;} .chat code, .chat .spoiler:hover code, .chat .spoiler:active code, .chat .spoiler-shown code {border:1px solid #C0C0C0;background:#EEEEEE;color:black;padding:0 2px;} .chat .spoiler code {border:1px solid #CCCCCC;background:#CCCCCC;color:#CCCCCC;} .battle-log .rated {padding:3px 4px;} .battle-log .rated strong {color:white;background:#89A;padding:1px 4px;border-radius:4px;} .spacer {margin-top:0.5em;} .message-announce {background:#6688AA;color:white;padding:1px 4px 2px;} .message-announce a, .broadcast-green a, .broadcast-blue a, .broadcast-red a {color:#DDEEFF;} .broadcast-green {background-color:#559955;color:white;padding:2px 4px;} .broadcast-blue {background-color:#6688AA;color:white;padding:2px 4px;} .infobox {border:1px solid #6688AA;padding:2px 4px;} .infobox-limited {max-height:200px;overflow:auto;overflow-x:hidden;} .broadcast-red {background-color:#AA5544;color:white;padding:2px 4px;} .message-learn-canlearn {font-weight:bold;color:#228822;text-decoration:underline;} .message-learn-cannotlearn {font-weight:bold;color:#CC2222;text-decoration:underline;} .message-effect-weak {font-weight:bold;color:#CC2222;} .message-effect-resist {font-weight:bold;color:#6688AA;} .message-effect-immune {font-weight:bold;color:#666666;} .message-learn-list {margin-top:0;margin-bottom:0;} .message-throttle-notice, .message-error {color:#992222;} .message-overflow, .chat small.message-overflow {font-size:0pt;} .message-overflow::before {font-size:9pt;content:'...';} .subtle {color:#3A4A66;}
</style>
<div class="wrapper replay-wrapper" style="max-width:1180px;margin:0 auto">
<input type="hidden" name="replayid" value="gen9natdexdraft-2633571044" />
<div class="battle"></div><div class="battle-log"></div><div class="replay-controls"></div><div class="replay-controls-2"></div>
<h1 style="font-weight:normal;text-align:center"><strong>[Gen 9] NatDex Draft</strong><br /><a href="http://pokemonshowdown.com/users/crownoji" class="subtle" target="_blank">Crown Oji</a> vs. <a href="http://pokemonshowdown.com/users/therealmuney" class="subtle" target="_blank">TheRealMuney</a></h1>
<script type="text/plain" class="battle-log-data">
|j|☆Crown Oji
|j|☆TheRealMuney
|t:|1781658235
|gametype|singles
|player|p1|Crown Oji|sbcmember|
|player|p2|TheRealMuney|n|
|gen|9
|tier|[Gen 9] NatDex Draft
|rule|Tera Type Preview: Tera Types are shown at Team Preview
|rule|Sleep Clause Mod: Limit one foe put to sleep
|rule|OHKO Clause: OHKO moves are banned
|rule|Evasion Clause: Evasion abilities, items, and moves are banned
|rule|Evasion Abilities Clause: Evasion abilities are banned
|rule|Evasion Items Clause: Evasion items are banned
|rule|Evasion Moves Clause: Evasion moves are banned
|rule|Endless Battle Clause: Forcing endless battles is banned
|rule|HP Percentage Mod: HP is shown in percentages
|raw|<div class="infobox"><details class="readmore" open><summary><strong>1 custom rule:<\/strong><\/summary> Tera Type Preview<\/details><\/div>
|clearpoke
|poke|p1|Pawmot, F|
|poke|p1|Lycanroc, F|
|poke|p1|Sylveon, M|
|poke|p1|Moltres|
|poke|p1|Araquanid, M|
|poke|p1|Aegislash, M|
|poke|p2|Typhlosion-Hisui, F|
|poke|p2|Articuno-Galar|
|poke|p2|Quagsire, M|
|poke|p2|Registeel|
|poke|p2|Togekiss, M|
|poke|p2|Toxapex, F|
|raw|Crown Oji's Tera Types:<br \/><psicon pokemon="pawmot" \/><psicon type="Electric" \/> \/ <psicon pokemon="lycanroc" \/><psicon type="Rock" \/> \/ <psicon pokemon="sylveon" \/><psicon type="Poison" \/> \/ <psicon pokemon="moltres" \/><psicon type="Fire" \/> \/ <psicon pokemon="araquanid" \/><psicon type="Water" \/> \/ <psicon pokemon="aegislash" \/><psicon type="Steel" \/>
|raw|TheRealMuney's Tera Types:<br \/><psicon pokemon="typhlosionhisui" \/><psicon type="Fire" \/> \/ <psicon pokemon="articunogalar" \/><psicon type="Psychic" \/> \/ <psicon pokemon="quagsire" \/><psicon type="Water" \/> \/ <psicon pokemon="registeel" \/><psicon type="Steel" \/> \/ <psicon pokemon="togekiss" \/><psicon type="Fairy" \/> \/ <psicon pokemon="toxapex" \/><psicon type="Poison" \/>
|teampreview
|
|t:|1781658318
|teamsize|p1|6
|teamsize|p2|6
|start
|switch|p1a: B-52s|Pawmot, F|100\/100
|switch|p2a: Toxapex|Toxapex, F|100\/100
|turn|1
|j| serendipidu
|
|t:|1781658365
|move|p2a: Toxapex|Baneful Bunker|p2a: Toxapex
|-singleturn|p2a: Toxapex|move: Protect
|move|p1a: B-52s|Knock Off|p2a: Toxapex
|-activate|p2a: Toxapex|move: Protect
|-status|p1a: B-52s|psn
|
|-damage|p1a: B-52s|88\/100 psn|[from] psn
|upkeep
|turn|2
|j| Doctashock
|
|t:|1781658456
|switch|p2a: Articuno|Articuno-Galar|100\/100
|move|p1a: B-52s|Knock Off|p2a: Articuno
|-supereffective|p2a: Articuno
|-damage|p2a: Articuno|40\/100
|-enditem|p2a: Articuno|Mirror Herb|[from] move: Knock Off|[of] p1a: B-52s
|-damage|p1a: B-52s|78\/100 psn|[from] item: Life Orb
|
|-damage|p1a: B-52s|66\/100 psn|[from] psn
|upkeep
|turn|3
|j| daotxtoad
|
|t:|1781658536
|move|p1a: B-52s|Double Shock|p2a: Articuno
|-supereffective|p2a: Articuno
|-damage|p2a: Articuno|0 fnt
|-start|p1a: B-52s|typechange|???\/Fighting|[from] move: Double Shock
|faint|p2a: Articuno
|-damage|p1a: B-52s|56\/100 psn|[from] item: Life Orb
|
|-damage|p1a: B-52s|43\/100 psn|[from] psn
|upkeep
|
|t:|1781658542
|switch|p2a: Typhlosion|Typhlosion-Hisui, F|100\/100
|-item|p1a: B-52s|Life Orb|[from] ability: Frisk|[of] p2a: Typhlosion
|turn|4
|
|t:|1781658565
|switch|p1a: Smiths|Araquanid, M|100\/100
|-terastallize|p2a: Typhlosion|Fire
|move|p2a: Typhlosion|Eruption|p1a: Smiths
|-damage|p1a: Smiths|70\/100
|
|-heal|p1a: Smiths|76\/100|[from] item: Leftovers
|upkeep
|turn|5
|
|t:|1781658593
|switch|p2a: Togekiss|Togekiss, M|100\/100
|move|p1a: Smiths|Soak|p2a: Togekiss
|-start|p2a: Togekiss|typechange|Water
|
|-heal|p1a: Smiths|82\/100|[from] item: Leftovers
|upkeep
|turn|6
|
|t:|1781658605
|move|p2a: Togekiss|Air Slash|p1a: Smiths
|-supereffective|p1a: Smiths
|-damage|p1a: Smiths|59\/100
|cant|p1a: Smiths|flinch
|
|-heal|p1a: Smiths|65\/100|[from] item: Leftovers
|upkeep
|turn|7
|j| phantom0rion
|
|t:|1781658706
|switch|p2a: Toxapex|Toxapex, F|100\/100
|switch|p1a: Struts|Lycanroc, F|100\/100
|
|upkeep
|turn|8
|
|t:|1781658724
|move|p1a: Struts|Stealth Rock|p2a: Toxapex
|-sidestart|p2: TheRealMuney|move: Stealth Rock
|move|p2a: Toxapex|Liquidation|p1a: Struts
|-supereffective|p1a: Struts
|-damage|p1a: Struts|33\/100
|
|upkeep
|turn|9
|
|t:|1781658729
|switch|p1a: Smiths|Araquanid, M|65\/100
|move|p2a: Toxapex|Liquidation|p1a: Smiths
|-resisted|p1a: Smiths
|-damage|p1a: Smiths|54\/100
|
|-heal|p1a: Smiths|60\/100|[from] item: Leftovers
|upkeep
|turn|10
|
|t:|1781658736
|move|p2a: Toxapex|Baneful Bunker|p2a: Toxapex
|-singleturn|p2a: Toxapex|move: Protect
|move|p1a: Smiths|Infestation|p2a: Toxapex
|-activate|p2a: Toxapex|move: Protect
|-status|p1a: Smiths|psn
|
|-heal|p1a: Smiths|66\/100 psn|[from] item: Leftovers
|-damage|p1a: Smiths|54\/100 psn|[from] psn
|upkeep
|turn|11
|
|t:|1781658759
|switch|p2a: Togekiss|Togekiss, M|100\/100
|move|p1a: Smiths|Soak|p2a: Togekiss
|-start|p2a: Togekiss|typechange|Water
|
|-heal|p1a: Smiths|60\/100 psn|[from] item: Leftovers
|-damage|p1a: Smiths|48\/100 psn|[from] psn
|upkeep
|turn|12
|
|t:|1781658766
|move|p2a: Togekiss|Air Slash|p1a: Smiths
|-supereffective|p1a: Smiths
|-damage|p1a: Smiths|24\/100 psn
|cant|p1a: Smiths|flinch
|
|-heal|p1a: Smiths|30\/100 psn|[from] item: Leftovers
|-damage|p1a: Smiths|18\/100 psn|[from] psn
|upkeep
|turn|13
|
|t:|1781658773
|move|p2a: Togekiss|Air Slash|p1a: Smiths
|-supereffective|p1a: Smiths
|-damage|p1a: Smiths|0 fnt
|faint|p1a: Smiths
|
|upkeep
|
|t:|1781658783
|switch|p1a: B-52s|Pawmot, F|43\/100 psn
|turn|14
|
|t:|1781658788
|switch|p2a: Quagsire|Quagsire, M|100\/100
|-damage|p2a: Quagsire|94\/100|[from] Stealth Rock
|move|p1a: B-52s|Seed Bomb|p2a: Quagsire
|-supereffective|p2a: Quagsire
|-damage|p2a: Quagsire|0 fnt
|faint|p2a: Quagsire
|-damage|p1a: B-52s|33\/100 psn|[from] item: Life Orb
|
|-damage|p1a: B-52s|21\/100 psn|[from] psn
|upkeep
|
|t:|1781658800
|switch|p2a: Togekiss|Togekiss, M|100\/100
|turn|15
|
|t:|1781658820
|move|p1a: B-52s|Double Shock|p2a: Togekiss
|-supereffective|p2a: Togekiss
|-damage|p2a: Togekiss|0 fnt
|-start|p1a: B-52s|typechange|???\/Fighting|[from] move: Double Shock
|faint|p2a: Togekiss
|-damage|p1a: B-52s|11\/100 psn|[from] item: Life Orb
|
|-damage|p1a: B-52s|0 fnt|[from] psn
|faint|p1a: B-52s
|upkeep
|
|t:|1781658833
|switch|p1a: Pixies|Sylveon, M|100\/100
|switch|p2a: Registeel|Registeel|100\/100
|-damage|p2a: Registeel|94\/100|[from] Stealth Rock
|turn|16
|
|t:|1781658848
|switch|p1a: Black Keys|Aegislash, M|100\/100
|move|p2a: Registeel|Earthquake|p1a: Black Keys
|-supereffective|p1a: Black Keys
|-damage|p1a: Black Keys|70\/100
|-enditem|p1a: Black Keys|Weakness Policy
|-boost|p1a: Black Keys|atk|2|[from] item: Weakness Policy
|-boost|p1a: Black Keys|spa|2|[from] item: Weakness Policy
|
|upkeep
|turn|17
|
|t:|1781658888
|-formechange|p1a: Black Keys|Aegislash-Blade||[from] ability: Stance Change
|move|p1a: Black Keys|Shadow Ball|p2a: Registeel
|-damage|p2a: Registeel|64\/100
|move|p2a: Registeel|Earthquake|p1a: Black Keys
|-supereffective|p1a: Black Keys
|-damage|p1a: Black Keys|10\/100
|
|upkeep
|turn|18
|
|t:|1781658900
|move|p1a: Black Keys|Shadow Ball|p2a: Registeel
|-damage|p2a: Registeel|36\/100
|move|p2a: Registeel|Earthquake|p1a: Black Keys
|-supereffective|p1a: Black Keys
|-damage|p1a: Black Keys|0 fnt
|faint|p1a: Black Keys
|
|upkeep
|
|t:|1781658908
|switch|p1a: Doors|Moltres|100\/100
|turn|19
|
|t:|1781658912
|move|p1a: Doors|Flamethrower|p2a: Registeel
|-supereffective|p2a: Registeel
|-damage|p2a: Registeel|9\/100
|move|p2a: Registeel|Rock Slide|p1a: Doors
|-supereffective|p1a: Doors
|-damage|p1a: Doors|54\/100
|
|upkeep
|turn|20
|
|t:|1781658924
|switch|p2a: Toxapex|Toxapex, F|100\/100
|-damage|p2a: Toxapex|88\/100|[from] Stealth Rock
|move|p1a: Doors|Flamethrower|p2a: Toxapex
|-resisted|p2a: Toxapex
|-damage|p2a: Toxapex|75\/100
|
|-heal|p2a: Toxapex|81\/100|[from] item: Black Sludge
|upkeep
|turn|21
|
|t:|1781658928
|move|p1a: Doors|Roost|p1a: Doors
|-heal|p1a: Doors|100\/100
|-singleturn|p1a: Doors|move: Roost
|move|p2a: Toxapex|Liquidation|p1a: Doors
|-supereffective|p1a: Doors
|-damage|p1a: Doors|66\/100
|-unboost|p1a: Doors|def|1
|
|-heal|p2a: Toxapex|87\/100|[from] item: Black Sludge
|upkeep
|turn|22
|
|t:|1781658937
|move|p1a: Doors|Roost|p1a: Doors
|-heal|p1a: Doors|100\/100
|-singleturn|p1a: Doors|move: Roost
|move|p2a: Toxapex|Liquidation|p1a: Doors
|-supereffective|p1a: Doors
|-damage|p1a: Doors|51\/100
|-unboost|p1a: Doors|def|1
|
|-heal|p2a: Toxapex|94\/100|[from] item: Black Sludge
|upkeep
|turn|23
|
|t:|1781658942
|switch|p1a: Pixies|Sylveon, M|100\/100
|move|p2a: Toxapex|Liquidation|p1a: Pixies
|-damage|p1a: Pixies|80\/100
|-unboost|p1a: Pixies|def|1
|
|-heal|p1a: Pixies|86\/100|[from] item: Leftovers
|-heal|p2a: Toxapex|99\/100|[from] item: Black Sludge
|upkeep
|turn|24
|
|t:|1781658945
|-terastallize|p1a: Pixies|Poison
|move|p1a: Pixies|Calm Mind|p1a: Pixies
|-boost|p1a: Pixies|spa|1
|-boost|p1a: Pixies|spd|1
|move|p2a: Toxapex|Liquidation|p1a: Pixies
|-damage|p1a: Pixies|54\/100
|
|-heal|p1a: Pixies|60\/100|[from] item: Leftovers
|-heal|p2a: Toxapex|100\/100|[from] item: Black Sludge
|upkeep
|turn|25
|
|t:|1781658950
|move|p1a: Pixies|Psychic|p2a: Toxapex
|-supereffective|p2a: Toxapex
|-damage|p2a: Toxapex|43\/100
|move|p2a: Toxapex|Liquidation|p1a: Pixies
|-damage|p1a: Pixies|29\/100
|
|-heal|p1a: Pixies|35\/100|[from] item: Leftovers
|-heal|p2a: Toxapex|49\/100|[from] item: Black Sludge
|upkeep
|turn|26
|
|t:|1781658957
|switch|p2a: Registeel|Registeel|9\/100
|-damage|p2a: Registeel|3\/100|[from] Stealth Rock
|move|p1a: Pixies|Psychic|p2a: Registeel
|-resisted|p2a: Registeel
|-damage|p2a: Registeel|0 fnt
|faint|p2a: Registeel
|
|-heal|p1a: Pixies|41\/100|[from] item: Leftovers
|upkeep
|
|t:|1781658961
|switch|p2a: Toxapex|Toxapex, F|82\/100
|-damage|p2a: Toxapex|70\/100|[from] Stealth Rock
|turn|27
|
|t:|1781659022
|move|p1a: Pixies|Psychic|p2a: Toxapex
|-supereffective|p2a: Toxapex
|-damage|p2a: Toxapex|17\/100
|move|p2a: Toxapex|Liquidation|p1a: Pixies
|-damage|p1a: Pixies|8\/100
|-unboost|p1a: Pixies|def|1
|
|-heal|p1a: Pixies|14\/100|[from] item: Leftovers
|-heal|p2a: Toxapex|23\/100|[from] item: Black Sludge
|upkeep
|turn|28
|
|t:|1781659029
|switch|p2a: Typhlosion|Typhlosion-Hisui, F, tera:Fire|100\/100
|-damage|p2a: Typhlosion|76\/100|[from] Stealth Rock
|-item|p1a: Pixies|Leftovers|[from] ability: Frisk|[of] p2a: Typhlosion
|move|p1a: Pixies|Psychic|p2a: Typhlosion
|-damage|p2a: Typhlosion|28\/100
|
|-heal|p1a: Pixies|20\/100|[from] item: Leftovers
|upkeep
|turn|29
|
|t:|1781659083
|switch|p1a: Doors|Moltres|51\/100
|move|p2a: Typhlosion|Shadow Ball|p1a: Doors
|-damage|p1a: Doors|4\/100
|
|upkeep
|turn|30
|
|t:|1781659088
|move|p2a: Typhlosion|Shadow Ball|p1a: Doors
|-damage|p1a: Doors|0 fnt
|faint|p1a: Doors
|
|upkeep
|
|t:|1781659090
|switch|p1a: Struts|Lycanroc, F|33\/100
|turn|31
|
|t:|1781659103
|switch|p2a: Toxapex|Toxapex, F|56\/100
|-damage|p2a: Toxapex|44\/100|[from] Stealth Rock
|move|p1a: Struts|Stone Edge|p2a: Toxapex
|-damage|p2a: Toxapex|8\/100
|
|-heal|p2a: Toxapex|15\/100|[from] item: Black Sludge
|upkeep
|turn|32
|
|t:|1781659121
|switch|p2a: Typhlosion|Typhlosion-Hisui, F, tera:Fire|28\/100
|-damage|p2a: Typhlosion|3\/100|[from] Stealth Rock
|-item|p1a: Struts|Choice Scarf|[from] ability: Frisk|[of] p2a: Typhlosion
|move|p1a: Struts|Stone Edge|p2a: Typhlosion
|-supereffective|p2a: Typhlosion
|-damage|p2a: Typhlosion|0 fnt
|faint|p2a: Typhlosion
|
|upkeep
|
|t:|1781659123
|switch|p2a: Toxapex|Toxapex, F|48\/100
|-damage|p2a: Toxapex|35\/100|[from] Stealth Rock
|turn|33
|
|t:|1781659125
|move|p1a: Struts|Stone Edge|p2a: Toxapex
|-damage|p2a: Toxapex|0 fnt
|faint|p2a: Toxapex
|
|win|Crown Oji
|c|☆Crown Oji|gg

</script>
</div>
<div class="battle-log battle-log-inline"><div class="inner"><div class="battle-options"></div><div class="inner message-log"><div class="chat"><small class="gray">☆Crown Oji and ☆TheRealMuney joined</small></div><div class=""><small>Format:</small> <br><strong>[Gen 9] NatDex Draft</strong></div><div class=""><small><em>Tera Type Preview:</em> Tera Types are shown at Team Preview</small></div><div class=""><small><em>Sleep Clause Mod:</em> Limit one foe put to sleep</small></div><div class=""><small><em>OHKO Clause:</em> OHKO moves are banned</small></div><div class=""><small><em>Evasion Clause:</em> Evasion abilities, items, and moves are banned</small></div><div class=""><small><em>Evasion Abilities Clause:</em> Evasion abilities are banned</small></div><div class=""><small><em>Evasion Items Clause:</em> Evasion items are banned</small></div><div class=""><small><em>Evasion Moves Clause:</em> Evasion moves are banned</small></div><div class=""><small><em>Endless Battle Clause:</em> Forcing endless battles is banned</small></div><div class=""><small><em>HP Percentage Mod:</em> HP is shown in percentages</small></div><div class="chat"><div class="infobox"><details class="readmore" open=""><summary><strong>1 custom rule:</strong></summary> Tera Type Preview</details></div></div><div class="chat">Crown Oji's Tera Types:<br><span class="picon" style="background:transparent url(https://play.pokemonshowdown.com/sprites/pokemonicons-sheet.png?v22) no-repeat scroll -440px -2280px"></span><img src="https://play.pokemonshowdown.com/sprites/types/Electric.png" alt="Electric" height="14" width="32" class="pixelated"> / <span class="picon" style="background:transparent url(https://play.pokemonshowdown.com/sprites/pokemonicons-sheet.png?v22) no-repeat scroll -40px -1860px"></span><img src="https://play.pokemonshowdown.com/sprites/types/Rock.png" alt="Rock" height="14" width="32" class="pixelated"> / <span class="picon" style="background:transparent url(https://play.pokemonshowdown.com/sprites/pokemonicons-sheet.png?v22) no-repeat scroll -160px -1740px"></span><img src="https://play.pokemonshowdown.com/sprites/types/Poison.png" alt="Poison" height="14" width="32" class="pixelated"> / <span class="picon" style="background:transparent url(https://play.pokemonshowdown.com/sprites/pokemonicons-sheet.png?v22) no-repeat scroll -80px -360px"></span><img src="https://play.pokemonshowdown.com/sprites/types/Fire.png" alt="Fire" height="14" width="32" class="pixelated"> / <span class="picon" style="background:transparent url(https://play.pokemonshowdown.com/sprites/pokemonicons-sheet.png?v22) no-repeat scroll -320px -1860px"></span><img src="https://play.pokemonshowdown.com/sprites/types/Water.png" alt="Water" height="14" width="32" class="pixelated"> / <span class="picon" style="background:transparent url(https://play.pokemonshowdown.com/sprites/pokemonicons-sheet.png?v22) no-repeat scroll -360px -1680px"></span><img src="https://play.pokemonshowdown.com/sprites/types/Steel.png" alt="Steel" height="14" width="32" class="pixelated"></div><div class="chat">TheRealMuney's Tera Types:<br><span class="picon" style="background:transparent url(https://play.pokemonshowdown.com/sprites/pokemonicons-sheet.png?v22) no-repeat scroll -240px -3090px"></span><img src="https://play.pokemonshowdown.com/sprites/types/Fire.png" alt="Fire" height="14" width="32" class="pixelated"> / <span class="picon" style="background:transparent url(https://play.pokemonshowdown.com/sprites/pokemonicons-sheet.png?v22) no-repeat scroll -320px -3060px"></span><img src="https://play.pokemonshowdown.com/sprites/types/Psychic.png" alt="Psychic" height="14" width="32" class="pixelated"> / <span class="picon" style="background:transparent url(https://play.pokemonshowdown.com/sprites/pokemonicons-sheet.png?v22) no-repeat scroll -120px -480px"></span><img src="https://play.pokemonshowdown.com/sprites/types/Water.png" alt="Water" height="14" width="32" class="pixelated"> / <span class="picon" style="background:transparent url(https://play.pokemonshowdown.com/sprites/pokemonicons-sheet.png?v22) no-repeat scroll -280px -930px"></span><img src="https://play.pokemonshowdown.com/sprites/types/Steel.png" alt="Steel" height="14" width="32" class="pixelated"> / <span class="picon" style="background:transparent url(https://play.pokemonshowdown.com/sprites/pokemonicons-sheet.png?v22) no-repeat scroll -0px -1170px"></span><img src="https://play.pokemonshowdown.com/sprites/types/Fairy.png" alt="Fairy" height="14" width="32" class="pixelated"> / <span class="picon" style="background:transparent url(https://play.pokemonshowdown.com/sprites/pokemonicons-sheet.png?v22) no-repeat scroll -160px -1860px"></span><img src="https://play.pokemonshowdown.com/sprites/types/Poison.png" alt="Poison" height="14" width="32" class="pixelated"></div><div class="chat battle-history"><strong>Crown Oji's team:</strong> <em style="color:#445566;display:block;">Pawmot / Lycanroc / Sylveon / Moltres / Araquanid / Aegislash</em></div><div class="chat battle-history"><strong>TheRealMuney's team:</strong> <em style="color:#445566;display:block;">Typhlosion-Hisui / Articuno-Galar / Quagsire / Registeel / Togekiss / Toxapex</em></div><div class="spacer battle-history"><br></div><div class="battle-history">Battle started between Crown Oji and TheRealMuney!<br></div><div class="spacer battle-history"><br></div><div class="battle-history">Go! B-52s (<strong>Pawmot</strong>)!<br></div><div class="spacer battle-history"><br></div><div class="battle-history">TheRealMuney sent out <strong>Toxapex</strong>!<br></div><div class="spacer battle-history"><br></div><h2 class="battle-history">Turn 1</h2><div class="chat"><small class="gray"> serendipidu joined</small></div><div class="spacer battle-history"><br></div><div class="battle-history">The opposing Toxapex used <strong>Baneful Bunker</strong>!<br></div><div class="battle-history"><small>The opposing Toxapex protected itself!</small><br></div><div class="spacer battle-history"><br></div><div class="battle-history">B-52s used <strong>Knock Off</strong>!<br></div><div class="battle-history"><small>The opposing Toxapex protected itself!</small><br></div><div class="battle-history"><small>B-52s was poisoned!</small><br></div><div class="spacer battle-history"><br></div><div class="battle-history"><small>B-52s was hurt by poison!</small><br></div><div class="spacer battle-history"><br></div><h2 class="battle-history">Turn 2</h2><div class="chat"><small class="gray"> Doctashock joined</small></div><div class="spacer battle-history"><br></div><div class="battle-history">TheRealMuney withdrew Toxapex!<br></div><div class="battle-history">TheRealMuney sent out Articuno (<strong>Articuno-Galar</strong>)!<br></div><div class="spacer battle-history"><br></div><div class="battle-history">B-52s used <strong>Knock Off</strong>!<br></div><div class="battle-history"><small>It's super effective!</small><br></div><div class="battle-history"><small>(The opposing Articuno lost 60% of its health!)</small><br></div><div class="battle-history"><small>B-52s knocked off the opposing Articuno's Mirror Herb!</small><br></div><div class="battle-history"><small>B-52s lost some of its HP!</small><br></div><div class="spacer battle-history"><br></div><div class="battle-history"><small>B-52s was hurt by poison!</small><br></div><div class="spacer battle-history"><br></div><h2 class="battle-history">Turn 3</h2><div class="chat"><small class="gray"> daotxtoad joined</small></div><div class="spacer battle-history"><br></div><div class="battle-history">B-52s used <strong>Double Shock</strong>!<br></div><div class="battle-history"><small>It's super effective!</small><br></div><div class="battle-history"><small>(The opposing Articuno lost 40% of its health!)</small><br></div><div class="battle-history"><small>B-52s used up all of its electricity!</small><br></div><div class="spacer battle-history"><br></div><div class="battle-history">The opposing Articuno fainted!<br></div><div class="battle-history"><small>B-52s lost some of its HP!</small><br></div><div class="spacer battle-history"><br></div><div class="battle-history"><small>B-52s was hurt by poison!</small><br></div><div class="spacer battle-history"><br></div><div class="battle-history">TheRealMuney sent out Typhlosion (<strong>Typhlosion-Hisui</strong>)!<br></div><div class="battle-history">[The opposing Typhlosion's Frisk]<br><small>The opposing Typhlosion frisked B-52s and found its Life Orb!</small><br></div><div class="spacer battle-history"><br></div><h2 class="battle-history">Turn 4</h2><div class="spacer battle-history"><br></div><div class="battle-history">B-52s, come back!<br></div><div class="battle-history">Go! Smiths (<strong>Araquanid</strong>)!<br></div><div class="spacer battle-history"><br></div><div class="battle-history"><small>The opposing Typhlosion has Terastallized into the Fire-type!</small><br></div><div class="spacer battle-history"><br></div><div class="battle-history">The opposing Typhlosion used <strong>Eruption</strong>!<br></div><div class="battle-history"><small>(Smiths lost 30% of its health!)</small><br></div><div class="spacer battle-history"><br></div><div class="battle-history"><small>Smiths restored a little HP using its Leftovers!</small><br></div><div class="spacer battle-history"><br></div><h2 class="battle-history">Turn 5</h2><div class="spacer battle-history"><br></div><div class="battle-history">TheRealMuney withdrew Typhlosion!<br></div><div class="battle-history">TheRealMuney sent out <strong>Togekiss</strong>!<br></div><div class="spacer battle-history"><br></div><div class="battle-history">Smiths used <strong>Soak</strong>!<br></div><div class="battle-history"><small>The opposing Togekiss's type changed to Water!</small><br></div><div class="spacer battle-history"><br></div><div class="battle-history"><small>Smiths restored a little HP using its Leftovers!</small><br></div><div class="spacer battle-history"><br></div><h2 class="battle-history">Turn 6</h2><div class="spacer battle-history"><br></div><div class="battle-history">The opposing Togekiss used <strong>Air Slash</strong>!<br></div><div class="battle-history"><small>It's super effective!</small><br></div><div class="battle-history"><small>(Smiths lost 23% of its health!)</small><br></div><div class="spacer battle-history"><br></div><div class="battle-history">Smiths flinched and couldn't move!<br></div><div class="spacer battle-history"><br></div><div class="battle-history"><small>Smiths restored a little HP using its Leftovers!</small><br></div><div class="spacer battle-history"><br></div><h2 class="battle-history">Turn 7</h2><div class="chat"><small class="gray"> phantom0rion joined</small></div><div class="spacer battle-history"><br></div><div class="battle-history">TheRealMuney withdrew Togekiss!<br></div><div class="battle-history">TheRealMuney sent out <strong>Toxapex</strong>!<br></div><div class="spacer battle-history"><br></div><div class="battle-history">Smiths, come back!<br></div><div class="battle-history">Go! Struts (<strong>Lycanroc</strong>)!<br></div><div class="spacer battle-history"><br></div><h2 class="battle-history">Turn 8</h2><div class="spacer battle-history"><br></div><div class="battle-history">Struts used <strong>Stealth Rock</strong>!<br></div><div class="battle-history"><small>Pointed stones float in the air around the opposing team!</small><br></div><div class="spacer battle-history"><br></div><div class="battle-history">The opposing Toxapex used <strong>Liquidation</strong>!<br></div><div class="battle-history"><small>It's super effective!</small><br></div><div class="battle-history"><small>(Struts lost 67% of its health!)</small><br></div><div class="spacer battle-history"><br></div><h2 class="battle-history">Turn 9</h2><div class="spacer battle-history"><br></div><div class="battle-history">Struts, come back!<br></div><div class="battle-history">Go! Smiths (<strong>Araquanid</strong>)!<br></div><div class="spacer battle-history"><br></div><div class="battle-history">The opposing Toxapex used <strong>Liquidation</strong>!<br></div><div class="battle-history"><small>It's not very effective...</small><br></div><div class="battle-history"><small>(Smiths lost 11% of its health!)</small><br></div><div class="spacer battle-history"><br></div><div class="battle-history"><small>Smiths restored a little HP using its Leftovers!</small><br></div><div class="spacer battle-history"><br></div><h2 class="battle-history">Turn 10</h2><div class="spacer battle-history"><br></div><div class="battle-history">The opposing Toxapex used <strong>Baneful Bunker</strong>!<br></div><div class="battle-history"><small>The opposing Toxapex protected itself!</small><br></div><div class="spacer battle-history"><br></div><div class="battle-history">Smiths used <strong>Infestation</strong>!<br></div><div class="battle-history"><small>The opposing Toxapex protected itself!</small><br></div><div class="battle-history"><small>Smiths was poisoned!</small><br></div><div class="spacer battle-history"><br></div><div class="battle-history"><small>Smiths restored a little HP using its Leftovers!</small><br></div><div class="battle-history"><small>Smiths was hurt by poison!</small><br></div><div class="spacer battle-history"><br></div><h2 class="battle-history">Turn 11</h2><div class="spacer battle-history"><br></div><div class="battle-history">TheRealMuney withdrew Toxapex!<br></div><div class="battle-history">TheRealMuney sent out <strong>Togekiss</strong>!<br></div><div class="spacer battle-history"><br></div><div class="battle-history">Smiths used <strong>Soak</strong>!<br></div><div class="battle-history"><small>The opposing Togekiss's type changed to Water!</small><br></div><div class="spacer battle-history"><br></div><div class="battle-history"><small>Smiths restored a little HP using its Leftovers!</small><br></div><div class="battle-history"><small>Smiths was hurt by poison!</small><br></div><div class="spacer battle-history"><br></div><h2 class="battle-history">Turn 12</h2><div class="spacer battle-history"><br></div><div class="battle-history">The opposing Togekiss used <strong>Air Slash</strong>!<br></div><div class="battle-history"><small>It's super effective!</small><br></div><div class="battle-history"><small>(Smiths lost 24% of its health!)</small><br></div><div class="spacer battle-history"><br></div><div class="battle-history">Smiths flinched and couldn't move!<br></div><div class="spacer battle-history"><br></div><div class="battle-history"><small>Smiths restored a little HP using its Leftovers!</small><br></div><div class="battle-history"><small>Smiths was hurt by poison!</small><br></div><div class="spacer battle-history"><br></div><h2 class="battle-history">Turn 13</h2><div class="spacer battle-history"><br></div><div class="battle-history">The opposing Togekiss used <strong>Air Slash</strong>!<br></div><div class="battle-history"><small>It's super effective!</small><br></div><div class="battle-history"><small>(Smiths lost 18% of its health!)</small><br></div><div class="spacer battle-history"><br></div><div class="battle-history">Smiths fainted!<br></div><div class="spacer battle-history"><br></div><div class="battle-history">Go! B-52s (<strong>Pawmot</strong>)!<br></div><div class="spacer battle-history"><br></div><h2 class="battle-history">Turn 14</h2><div class="spacer battle-history"><br></div><div class="battle-history">TheRealMuney withdrew Togekiss!<br></div><div class="battle-history">TheRealMuney sent out <strong>Quagsire</strong>!<br></div><div class="battle-history"><small>Pointed stones dug into the opposing Quagsire!</small><br></div><div class="spacer battle-history"><br></div><div class="battle-history">B-52s used <strong>Seed Bomb</strong>!<br></div><div class="battle-history"><small>It's super effective!</small><br></div><div class="battle-history"><small>(The opposing Quagsire lost 94% of its health!)</small><br></div><div class="spacer battle-history"><br></div><div class="battle-history">The opposing Quagsire fainted!<br></div><div class="battle-history"><small>B-52s lost some of its HP!</small><br></div><div class="spacer battle-history"><br></div><div class="battle-history"><small>B-52s was hurt by poison!</small><br></div><div class="spacer battle-history"><br></div><div class="battle-history">TheRealMuney sent out <strong>Togekiss</strong>!<br></div><div class="spacer battle-history"><br></div><h2 class="battle-history">Turn 15</h2><div class="spacer battle-history"><br></div><div class="battle-history">B-52s used <strong>Double Shock</strong>!<br></div><div class="battle-history"><small>It's super effective!</small><br></div><div class="battle-history"><small>(The opposing Togekiss lost 100% of its health!)</small><br></div><div class="battle-history"><small>B-52s used up all of its electricity!</small><br></div><div class="spacer battle-history"><br></div><div class="battle-history">The opposing Togekiss fainted!<br></div><div class="battle-history"><small>B-52s lost some of its HP!</small><br></div><div class="spacer battle-history"><br></div><div class="battle-history"><small>B-52s was hurt by poison!</small><br></div><div class="spacer battle-history"><br></div><div class="battle-history">B-52s fainted!<br></div><div class="spacer battle-history"><br></div><div class="battle-history">Go! Pixies (<strong>Sylveon</strong>)!<br></div><div class="spacer battle-history"><br></div><div class="battle-history">TheRealMuney sent out <strong>Registeel</strong>!<br></div><div class="battle-history"><small>Pointed stones dug into the opposing Registeel!</small><br></div><div class="spacer battle-history"><br></div><h2 class="battle-history">Turn 16</h2><div class="spacer battle-history"><br></div><div class="battle-history">Pixies, come back!<br></div><div class="battle-history">Go! Black Keys (<strong>Aegislash</strong>)!<br></div><div class="spacer battle-history"><br></div><div class="battle-history">The opposing Registeel used <strong>Earthquake</strong>!<br></div><div class="battle-history"><small>It's super effective!</small><br></div><div class="battle-history"><small>(Black Keys lost 30% of its health!)</small><br></div><div class="battle-history"><small>(Black Keys used its Weakness Policy!)</small><br></div><div class="battle-history"><small>The Weakness Policy sharply raised Black Keys's Attack!</small><br></div><div class="battle-history"><small>The Weakness Policy sharply raised Black Keys's Sp. Atk!</small><br></div><div class="spacer battle-history"><br></div><h2 class="battle-history">Turn 17</h2><div class="spacer battle-history"><br></div><div class="battle-history">[Black Keys's Stance Change]<br>Changed to Blade Forme!<br></div><div class="spacer battle-history"><br></div><div class="battle-history">Black Keys used <strong>Shadow Ball</strong>!<br></div><div class="battle-history"><small>(The opposing Registeel lost 30% of its health!)</small><br></div><div class="spacer battle-history"><br></div><div class="battle-history">The opposing Registeel used <strong>Earthquake</strong>!<br></div><div class="battle-history"><small>It's super effective!</small><br></div><div class="battle-history"><small>(Black Keys lost 60% of its health!)</small><br></div><div class="spacer battle-history"><br></div><h2 class="battle-history">Turn 18</h2><div class="spacer battle-history"><br></div><div class="battle-history">Black Keys used <strong>Shadow Ball</strong>!<br></div><div class="battle-history"><small>(The opposing Registeel lost 28% of its health!)</small><br></div><div class="spacer battle-history"><br></div><div class="battle-history">The opposing Registeel used <strong>Earthquake</strong>!<br></div><div class="battle-history"><small>It's super effective!</small><br></div><div class="battle-history"><small>(Black Keys lost 10% of its health!)</small><br></div><div class="spacer battle-history"><br></div><div class="battle-history">Black Keys fainted!<br></div><div class="spacer battle-history"><br></div><div class="battle-history">Go! Doors (<strong>Moltres</strong>)!<br></div><div class="spacer battle-history"><br></div><h2 class="battle-history">Turn 19</h2><div class="spacer battle-history"><br></div><div class="battle-history">Doors used <strong>Flamethrower</strong>!<br></div><div class="battle-history"><small>It's super effective!</small><br></div><div class="battle-history"><small>(The opposing Registeel lost 27% of its health!)</small><br></div><div class="spacer battle-history"><br></div><div class="battle-history">The opposing Registeel used <strong>Rock Slide</strong>!<br></div><div class="battle-history"><small>It's super effective!</small><br></div><div class="battle-history"><small>(Doors lost 46% of its health!)</small><br></div><div class="spacer battle-history"><br></div><h2 class="battle-history">Turn 20</h2><div class="spacer battle-history"><br></div><div class="battle-history">TheRealMuney withdrew Registeel!<br></div><div class="battle-history">TheRealMuney sent out <strong>Toxapex</strong>!<br></div><div class="battle-history"><small>Pointed stones dug into the opposing Toxapex!</small><br></div><div class="spacer battle-history"><br></div><div class="battle-history">Doors used <strong>Flamethrower</strong>!<br></div><div class="battle-history"><small>It's not very effective...</small><br></div><div class="battle-history"><small>(The opposing Toxapex lost 13% of its health!)</small><br></div><div class="spacer battle-history"><br></div><div class="battle-history"><small>The opposing Toxapex restored a little HP using its Black Sludge!</small><br></div><div class="spacer battle-history"><br></div><h2 class="battle-history">Turn 21</h2><div class="spacer battle-history"><br></div><div class="battle-history">Doors used <strong>Roost</strong>!<br></div><div class="battle-history"><small>Doors had its HP restored.</small><br></div><div class="battle-history"><small>(Doors loses Flying type this turn.)</small><br></div><div class="spacer battle-history"><br></div><div class="battle-history">The opposing Toxapex used <strong>Liquidation</strong>!<br></div><div class="battle-history"><small>It's super effective!</small><br></div><div class="battle-history"><small>(Doors lost 34% of its health!)</small><br></div><div class="battle-history"><small>Doors's Defense fell!</small><br></div><div class="spacer battle-history"><br></div><div class="battle-history"><small>The opposing Toxapex restored a little HP using its Black Sludge!</small><br></div><div class="spacer battle-history"><br></div><h2 class="battle-history">Turn 22</h2><div class="spacer battle-history"><br></div><div class="battle-history">Doors used <strong>Roost</strong>!<br></div><div class="battle-history"><small>Doors had its HP restored.</small><br></div><div class="battle-history"><small>(Doors loses Flying type this turn.)</small><br></div><div class="spacer battle-history"><br></div><div class="battle-history">The opposing Toxapex used <strong>Liquidation</strong>!<br></div><div class="battle-history"><small>It's super effective!</small><br></div><div class="battle-history"><small>(Doors lost 49% of its health!)</small><br></div><div class="battle-history"><small>Doors's Defense fell!</small><br></div><div class="spacer battle-history"><br></div><div class="battle-history"><small>The opposing Toxapex restored a little HP using its Black Sludge!</small><br></div><div class="spacer battle-history"><br></div><h2 class="battle-history">Turn 23</h2><div class="spacer battle-history"><br></div><div class="battle-history">Doors, come back!<br></div><div class="battle-history">Go! Pixies (<strong>Sylveon</strong>)!<br></div><div class="spacer battle-history"><br></div><div class="battle-history">The opposing Toxapex used <strong>Liquidation</strong>!<br></div><div class="battle-history"><small>(Pixies lost 20% of its health!)</small><br></div><div class="battle-history"><small>Pixies's Defense fell!</small><br></div><div class="spacer battle-history"><br></div><div class="battle-history"><small>Pixies restored a little HP using its Leftovers!</small><br></div><div class="battle-history"><small>The opposing Toxapex restored a little HP using its Black Sludge!</small><br></div><div class="spacer battle-history"><br></div><h2 class="battle-history">Turn 24</h2><div class="spacer battle-history"><br></div><div class="battle-history"><small>Pixies has Terastallized into the Poison-type!</small><br></div><div class="spacer battle-history"><br></div><div class="battle-history">Pixies used <strong>Calm Mind</strong>!<br></div><div class="battle-history"><small>Pixies's Sp. Atk rose!</small><br></div><div class="battle-history"><small>Pixies's Sp. Def rose!</small><br></div><div class="spacer battle-history"><br></div><div class="battle-history">The opposing Toxapex used <strong>Liquidation</strong>!<br></div><div class="battle-history"><small>(Pixies lost 32% of its health!)</small><br></div><div class="spacer battle-history"><br></div><div class="battle-history"><small>Pixies restored a little HP using its Leftovers!</small><br></div><div class="battle-history"><small>The opposing Toxapex restored a little HP using its Black Sludge!</small><br></div><div class="spacer battle-history"><br></div><h2 class="battle-history">Turn 25</h2><div class="spacer battle-history"><br></div><div class="battle-history">Pixies used <strong>Psychic</strong>!<br></div><div class="battle-history"><small>It's super effective!</small><br></div><div class="battle-history"><small>(The opposing Toxapex lost 57% of its health!)</small><br></div><div class="spacer battle-history"><br></div><div class="battle-history">The opposing Toxapex used <strong>Liquidation</strong>!<br></div><div class="battle-history"><small>(Pixies lost 31% of its health!)</small><br></div><div class="spacer battle-history"><br></div><div class="battle-history"><small>Pixies restored a little HP using its Leftovers!</small><br></div><div class="battle-history"><small>The opposing Toxapex restored a little HP using its Black Sludge!</small><br></div><div class="spacer battle-history"><br></div><h2 class="battle-history">Turn 26</h2><div class="spacer battle-history"><br></div><div class="battle-history">TheRealMuney withdrew Toxapex!<br></div><div class="battle-history">TheRealMuney sent out <strong>Registeel</strong>!<br></div><div class="battle-history"><small>Pointed stones dug into the opposing Registeel!</small><br></div><div class="spacer battle-history"><br></div><div class="battle-history">Pixies used <strong>Psychic</strong>!<br></div><div class="battle-history"><small>It's not very effective...</small><br></div><div class="battle-history"><small>(The opposing Registeel lost 3% of its health!)</small><br></div><div class="spacer battle-history"><br></div><div class="battle-history">The opposing Registeel fainted!<br></div><div class="spacer battle-history"><br></div><div class="battle-history"><small>Pixies restored a little HP using its Leftovers!</small><br></div><div class="spacer battle-history"><br></div><div class="battle-history">TheRealMuney sent out <strong>Toxapex</strong>!<br></div><div class="battle-history"><small>Pointed stones dug into the opposing Toxapex!</small><br></div><div class="spacer battle-history"><br></div><h2 class="battle-history">Turn 27</h2><div class="spacer battle-history"><br></div><div class="battle-history">Pixies used <strong>Psychic</strong>!<br></div><div class="battle-history"><small>It's super effective!</small><br></div><div class="battle-history"><small>(The opposing Toxapex lost 53% of its health!)</small><br></div><div class="spacer battle-history"><br></div><div class="battle-history">The opposing Toxapex used <strong>Liquidation</strong>!<br></div><div class="battle-history"><small>(Pixies lost 33% of its health!)</small><br></div><div class="battle-history"><small>Pixies's Defense fell!</small><br></div><div class="spacer battle-history"><br></div><div class="battle-history"><small>Pixies restored a little HP using its Leftovers!</small><br></div><div class="battle-history"><small>The opposing Toxapex restored a little HP using its Black Sludge!</small><br></div><div class="spacer battle-history"><br></div><h2 class="battle-history">Turn 28</h2><div class="spacer battle-history"><br></div><div class="battle-history">TheRealMuney withdrew Toxapex!<br></div><div class="battle-history">TheRealMuney sent out Typhlosion (<strong>Typhlosion-Hisui</strong>)!<br></div><div class="battle-history"><small>Pointed stones dug into the opposing Typhlosion!</small><br></div><div class="battle-history">[The opposing Typhlosion's Frisk]<br><small>The opposing Typhlosion frisked Pixies and found its Leftovers!</small><br></div><div class="spacer battle-history"><br></div><div class="battle-history">Pixies used <strong>Psychic</strong>!<br></div><div class="battle-history"><small>(The opposing Typhlosion lost 48% of its health!)</small><br></div><div class="spacer battle-history"><br></div><div class="battle-history"><small>Pixies restored a little HP using its Leftovers!</small><br></div><div class="spacer battle-history"><br></div><h2 class="battle-history">Turn 29</h2><div class="spacer battle-history"><br></div><div class="battle-history">Pixies, come back!<br></div><div class="battle-history">Go! Doors (<strong>Moltres</strong>)!<br></div><div class="spacer battle-history"><br></div><div class="battle-history">The opposing Typhlosion used <strong>Shadow Ball</strong>!<br></div><div class="battle-history"><small>(Doors lost 47% of its health!)</small><br></div><div class="spacer battle-history"><br></div><h2 class="battle-history">Turn 30</h2><div class="spacer battle-history"><br></div><div class="battle-history">The opposing Typhlosion used <strong>Shadow Ball</strong>!<br></div><div class="battle-history"><small>(Doors lost 4% of its health!)</small><br></div><div class="spacer battle-history"><br></div><div class="battle-history">Doors fainted!<br></div><div class="spacer battle-history"><br></div><div class="battle-history">Go! Struts (<strong>Lycanroc</strong>)!<br></div><div class="spacer battle-history"><br></div><h2 class="battle-history">Turn 31</h2><div class="spacer battle-history"><br></div><div class="battle-history">TheRealMuney withdrew Typhlosion!<br></div><div class="battle-history">TheRealMuney sent out <strong>Toxapex</strong>!<br></div><div class="battle-history"><small>Pointed stones dug into the opposing Toxapex!</small><br></div><div class="spacer battle-history"><br></div><div class="battle-history">Struts used <strong>Stone Edge</strong>!<br></div><div class="battle-history"><small>(The opposing Toxapex lost 36% of its health!)</small><br></div><div class="spacer battle-history"><br></div><div class="battle-history"><small>The opposing Toxapex restored a little HP using its Black Sludge!</small><br></div><div class="spacer battle-history"><br></div><h2 class="battle-history">Turn 32</h2><div class="spacer battle-history"><br></div><div class="battle-history">TheRealMuney withdrew Toxapex!<br></div><div class="battle-history">TheRealMuney sent out Typhlosion (<strong>Typhlosion-Hisui</strong>)!<br></div><div class="battle-history"><small>Pointed stones dug into the opposing Typhlosion!</small><br></div><div class="battle-history">[The opposing Typhlosion's Frisk]<br><small>The opposing Typhlosion frisked Struts and found its Choice Scarf!</small><br></div><div class="spacer battle-history"><br></div><div class="battle-history">Struts used <strong>Stone Edge</strong>!<br></div><div class="battle-history"><small>It's super effective!</small><br></div><div class="battle-history"><small>(The opposing Typhlosion lost 3% of its health!)</small><br></div><div class="spacer battle-history"><br></div><div class="battle-history">The opposing Typhlosion fainted!<br></div><div class="spacer battle-history"><br></div><div class="battle-history">TheRealMuney sent out <strong>Toxapex</strong>!<br></div><div class="battle-history"><small>Pointed stones dug into the opposing Toxapex!</small><br></div><div class="spacer battle-history"><br></div><h2 class="battle-history">Turn 33</h2><div class="spacer battle-history"><br></div><div class="battle-history">Struts used <strong>Stone Edge</strong>!<br></div><div class="battle-history"><small>(The opposing Toxapex lost 35% of its health!)</small><br></div><div class="spacer battle-history"><br></div><div class="battle-history">The opposing Toxapex fainted!<br></div><div class="spacer battle-history"><br></div><div class="battle-history"><strong>Crown Oji</strong> won the battle!<br></div><div class="chat chatmessage-crownoji"><strong style="color:#bf1d4a"><span class="username"><small class="groupsymbol">☆</small>Crown Oji</span>:</strong> <em>gg</em></div></div><div class="inner-preempt message-log"></div></div></div>
</div>
<script>
let daily = Math.floor(Date.now()/1000/60/60/24);document.write('<script src="https://play.pokemonshowdown.com/js/replay-embed.js?version'+daily+'"></'+'script>');
</script>
