<!DOCTYPE html>
<meta charset="utf-8" />
<!-- version 1 -->
<title>[Gen 9] NatDex Draft replay: kaui vs. blader1176</title>
<style>
html,body {font-family:Verdana, sans-serif;font-size:10pt;margin:0;padding:0;}body{padding:12px 0;} .battle-log {font-family:Verdana, sans-serif;font-size:10pt;} .battle-log-inline {border:1px solid #AAAAAA;background:#EEF2F5;color:black;max-width:640px;margin:0 auto 80px;padding-bottom:5px;} .battle-log .inner {padding:4px 8px 0px 8px;} .battle-log .inner-preempt {padding:0 8px 4px 8px;} .battle-log .inner-after {margin-top:0.5em;} .battle-log h2 {margin:0.5em -8px;padding:4px 8px;border:1px solid #AAAAAA;background:#E0E7EA;border-left:0;border-right:0;font-family:Verdana, sans-serif;font-size:13pt;} .battle-log .chat {vertical-align:middle;padding:3px 0 3px 0;font-size:8pt;} .battle-log .chat strong {color:#40576A;} .battle-log .chat em {padding:1px 4px 1px 3px;color:#000000;font-style:normal;} .chat.mine {background:rgba(0,0,0,0.05);margin-left:-8px;margin-right:-8px;padding-left:8px;padding-right:8px;} .spoiler {color:#BBBBBB;background:#BBBBBB;padding:0px 3px;} .spoiler:hover, .spoiler:active, .spoiler-shown {color:#000000;background:#E2E2E2;padding:0px 3px;} .spoiler a {color:#BBBBBB;} .spoiler:hover a, .spoiler:active a, .spoiler-shown a {color:#2288CC;} .chat code, .chat .spoiler:hover code, .chat .spoiler:active code, .chat .spoiler-shown code {border:1px solid #C0C0C0;background:#EEEEEE;color:black;padding:0 2px;} .chat .spoiler code {border:1px solid #CCCCCC;background:#CCCCCC;color:#CCCCCC;} .battle-log .rated {padding:3px 4px;} .battle-log .rated strong {color:white;background:#89A;padding:1px 4px;border-radius:4px;} .spacer {margin-top:0.5em;} .message-announce {background:#6688AA;color:white;padding:1px 4px 2px;} .message-announce a, .broadcast-green a, .broadcast-blue a, .broadcast-red a {color:#DDEEFF;} .broadcast-green {background-color:#559955;color:white;padding:2px 4px;} .broadcast-blue {background-color:#6688AA;color:white;padding:2px 4px;} .infobox {border:1px solid #6688AA;padding:2px 4px;} .infobox-limited {max-height:200px;overflow:auto;overflow-x:hidden;} .broadcast-red {background-color:#AA5544;color:white;padding:2px 4px;} .message-learn-canlearn {font-weight:bold;color:#228822;text-decoration:underline;} .message-learn-cannotlearn {font-weight:bold;color:#CC2222;text-decoration:underline;} .message-effect-weak {font-weight:bold;color:#CC2222;} .message-effect-resist {font-weight:bold;color:#6688AA;} .message-effect-immune {font-weight:bold;color:#666666;} .message-learn-list {margin-top:0;margin-bottom:0;} .message-throttle-notice, .message-error {color:#992222;} .message-overflow, .chat small.message-overflow {font-size:0pt;} .message-overflow::before {font-size:9pt;content:'...';} .subtle {color:#3A4A66;}
</style>
<div class="wrapper replay-wrapper" style="max-width:1180px;margin:0 auto">
<input type="hidden" name="replayid" value="gen9natdexdraft-2638089634" />
<div class="battle"></div><div class="battle-log"></div><div class="replay-controls"></div><div class="replay-controls-2"></div>
<h1 style="font-weight:normal;text-align:center"><strong>[Gen 9] NatDex Draft</strong><br /><a href="http://pokemonshowdown.com/users/kaui" class="subtle" target="_blank">kaui</a> vs. <a href="http://pokemonshowdown.com/users/blader1176" class="subtle" target="_blank">blader1176</a></h1>
<script type="text/plain" class="battle-log-data">
|j|☆kaui
|j|☆blader1176
|t:|1782275499
|gametype|singles
|player|p1|kaui|flannery|
|player|p2|blader1176|pilot|
|gen|9
|tier|[Gen 9] NatDex Draft
|rule|Tera Type Preview: Tera Types are shown at Team Preview
|rule|Sleep Clause Mod: Limit one foe put to sleep
|rule|OHKO Clause: OHKO moves are banned
|rule|Evasion Clause: Evasion abilities, items, and moves are banned
|rule|Evasion Abilities Clause: Evasion abilities are banned
|rule|Evasion Items Clause: Evasion items are banned
|rule|Evasion Moves Clause: Evasion moves are banned
|rule|Endless Battle Clause: Forcing endless battles is banned
|rule|HP Percentage Mod: HP is shown in percentages
|raw|<div class="infobox"><details class="readmore" open><summary><strong>1 custom rule:<\/strong><\/summary> Tera Type Preview<\/details><\/div>
|clearpoke
|poke|p1|Torkoal, F|
|poke|p1|Sandy Shocks|
|poke|p1|Cofagrigus, F|
|poke|p1|Slither Wing|
|poke|p1|Azelf|
|poke|p1|Ambipom, M|
|poke|p2|Vikavolt, M|
|poke|p2|Regirock|
|poke|p2|Venusaur, M|
|poke|p2|Houndoom, M|
|poke|p2|Mienshao, M|
|poke|p2|Flygon, F|
|raw|kaui's Tera Types:<br \/><psicon pokemon="torkoal" \/><psicon type="Fire" \/> \/ <psicon pokemon="sandyshocks" \/><psicon type="Ice" \/> \/ <psicon pokemon="cofagrigus" \/><psicon type="Ghost" \/> \/ <psicon pokemon="slitherwing" \/><psicon type="Bug" \/> \/ <psicon pokemon="azelf" \/><psicon type="Psychic" \/> \/ <psicon pokemon="ambipom" \/><psicon type="Normal" \/>
|raw|blader1176's Tera Types:<br \/><psicon pokemon="vikavolt" \/><psicon type="Steel" \/> \/ <psicon pokemon="regirock" \/><psicon type="Rock" \/> \/ <psicon pokemon="venusaur" \/><psicon type="Fire" \/> \/ <psicon pokemon="houndoom" \/><psicon type="Dark" \/> \/ <psicon pokemon="mienshao" \/><psicon type="Fighting" \/> \/ <psicon pokemon="flygon" \/><psicon type="Steel" \/>
|teampreview
|c|☆kaui|fuck not regirock
|j| ChillerFrost
|c| ChillerFrost|oh shit its regirock!
|j| Bunnnies
|c|☆blader1176|ün ün ün ün ün ün
|
|t:|1782275573
|teamsize|p1|6
|teamsize|p2|6
|start
|switch|p1a: Slither Wing|Slither Wing|100\/100
|switch|p2a: Vikavolt|Vikavolt, M|100\/100
|turn|1
|
|t:|1782275591
|move|p1a: Slither Wing|Flare Blitz|p2a: Vikavolt
|-supereffective|p2a: Vikavolt
|-damage|p2a: Vikavolt|33\/100
|-damage|p1a: Slither Wing|75\/100|[from] Recoil
|move|p2a: Vikavolt|Sticky Web|p1a: Slither Wing
|-sidestart|p1: kaui|move: Sticky Web
|
|upkeep
|turn|2
|j| Crown Oji
|
|t:|1782275612
|switch|p2a: Regirock|Regirock|100\/100
|move|p1a: Slither Wing|Flare Blitz|p2a: Regirock
|-resisted|p2a: Regirock
|-crit|p2a: Regirock
|-damage|p2a: Regirock|83\/100
|-damage|p1a: Slither Wing|68\/100|[from] Recoil
|
|upkeep
|turn|3
|
|t:|1782275635
|move|p1a: Slither Wing|U-turn|p2a: Regirock
|-damage|p2a: Regirock|63\/100
|
|t:|1782275639
|-end|p1a: Slither Wing|Protosynthesis|[silent]
|switch|p1a: Cofagrigus|Cofagrigus, F|100\/100|[from] U-turn
|-activate|p1a: Cofagrigus|move: Sticky Web
|-unboost|p1a: Cofagrigus|spe|1
|move|p2a: Regirock|Sunny Day|p2a: Regirock
|-weather|SunnyDay
|
|-weather|SunnyDay|[upkeep]
|upkeep
|turn|4
|
|t:|1782275668
|switch|p2a: Venusaur|Venusaur, M|100\/100
|move|p1a: Cofagrigus|Toxic|p2a: Venusaur
|-immune|p2a: Venusaur
|
|-weather|SunnyDay|[upkeep]
|upkeep
|turn|5
|
|t:|1782275681
|move|p2a: Venusaur|Growth|p2a: Venusaur
|-boost|p2a: Venusaur|atk|2
|-boost|p2a: Venusaur|spa|2
|move|p1a: Cofagrigus|Pain Split|p2a: Venusaur
|-sethp|p2a: Venusaur|100\/100|[from] move: Pain Split|[silent]
|-sethp|p1a: Cofagrigus|97\/100|[from] move: Pain Split
|
|-weather|SunnyDay|[upkeep]
|-heal|p1a: Cofagrigus|100\/100|[from] item: Leftovers
|upkeep
|turn|6
|
|t:|1782275699
|move|p2a: Venusaur|Weather Ball|p1a: Cofagrigus
|-damage|p1a: Cofagrigus|0 fnt
|faint|p1a: Cofagrigus
|-damage|p2a: Venusaur|91\/100|[from] item: Life Orb
|
|-weather|SunnyDay|[upkeep]
|upkeep
|
|t:|1782275710
|switch|p1a: Slither Wing|Slither Wing|68\/100
|-activate|p1a: Slither Wing|ability: Protosynthesis
|-start|p1a: Slither Wing|protosynthesisatk
|turn|7
|
|t:|1782275722
|move|p1a: Slither Wing|First Impression|p2a: Venusaur
|-damage|p2a: Venusaur|1\/100
|move|p2a: Venusaur|Weather Ball|p1a: Slither Wing
|-supereffective|p1a: Slither Wing
|-damage|p1a: Slither Wing|0 fnt
|faint|p1a: Slither Wing
|-end|p1a: Slither Wing|Protosynthesis|[silent]
|-damage|p2a: Venusaur|0 fnt|[from] item: Life Orb
|faint|p2a: Venusaur
|
|-weather|SunnyDay|[upkeep]
|upkeep
|
|t:|1782275755
|switch|p1a: Ambipom|Ambipom, M|100\/100
|switch|p2a: Houndoom|Houndoom, M|100\/100
|-activate|p1a: Ambipom|move: Sticky Web
|-unboost|p1a: Ambipom|spe|1
|turn|8
|
|t:|1782275776
|detailschange|p2a: Houndoom|Houndoom-Mega, M
|-mega|p2a: Houndoom|Houndoom|Houndoominite
|move|p2a: Houndoom|Dark Pulse|p1a: Ambipom
|-damage|p1a: Ambipom|5\/100
|move|p1a: Ambipom|Tail Slap|p2a: Houndoom|[miss]
|-miss|p1a: Ambipom|p2a: Houndoom
|
|-weather|SunnyDay|[upkeep]
|-damage|p2a: Houndoom|88\/100|[from] ability: Solar Power|[of] p2a: Houndoom
|upkeep
|turn|9
|
|t:|1782275789
|move|p2a: Houndoom|Dark Pulse|p1a: Ambipom
|-damage|p1a: Ambipom|0 fnt
|faint|p1a: Ambipom
|
|-weather|SunnyDay|[upkeep]
|-damage|p2a: Houndoom|76\/100|[from] ability: Solar Power|[of] p2a: Houndoom
|upkeep
|
|t:|1782275802
|switch|p1a: Azelf|Azelf|100\/100
|turn|10
|
|t:|1782275811
|move|p2a: Houndoom|Dark Pulse|p1a: Azelf
|-supereffective|p1a: Azelf
|-enditem|p1a: Azelf|Colbur Berry|[eat]
|-enditem|p1a: Azelf|Colbur Berry|[weaken]
|-damage|p1a: Azelf|0 fnt
|faint|p1a: Azelf
|
|-weather|none
|upkeep
|
|t:|1782275818
|switch|p1a: Sandy Shocks|Sandy Shocks|100\/100
|turn|11
|
|t:|1782275831
|move|p2a: Houndoom|Dark Pulse|p1a: Sandy Shocks
|-damage|p1a: Sandy Shocks|42\/100
|cant|p1a: Sandy Shocks|flinch
|
|upkeep
|turn|12
|
|t:|1782275840
|move|p2a: Houndoom|Dark Pulse|p1a: Sandy Shocks
|-damage|p1a: Sandy Shocks|0 fnt
|faint|p1a: Sandy Shocks
|-end|p1a: Sandy Shocks|Protosynthesis|[silent]
|
|upkeep
|
|t:|1782275843
|switch|p1a: Torkoal|Torkoal, F|100\/100
|-weather|SunnyDay|[from] ability: Drought|[of] p1a: Torkoal
|turn|13
|
|t:|1782275848
|move|p2a: Houndoom|Dark Pulse|p1a: Torkoal
|-damage|p1a: Torkoal|38\/100
|cant|p1a: Torkoal|flinch
|
|-weather|SunnyDay|[upkeep]
|-damage|p2a: Houndoom|63\/100|[from] ability: Solar Power|[of] p2a: Houndoom
|upkeep
|turn|14
|c|☆blader1176|okay okay
|c|☆kaui|gg
|
|t:|1782275860
|move|p2a: Houndoom|Dark Pulse|p1a: Torkoal
|-damage|p1a: Torkoal|0 fnt
|faint|p1a: Torkoal
|
|win|blader1176
|c|☆blader1176|gg wp
|c|☆blader1176|landing all the flinches I was due this season
|l| Crown Oji
|c|☆kaui|yayy thanks for playing late
|c|☆blader1176|ofc!
|l|☆kaui
|player|p1|
|l|☆blader1176
|player|p2|
|j|☆blader1176
|player|p2|blader1176|pilot|

</script>
</div>
<div class="battle-log battle-log-inline"><div class="inner"><div class="battle-options"></div><div class="inner message-log"><div class="chat"><small class="gray">☆kaui and ☆blader1176 joined</small></div><div class=""><small>Format:</small> <br><strong>[Gen 9] NatDex Draft</strong></div><div class=""><small><em>Tera Type Preview:</em> Tera Types are shown at Team Preview</small></div><div class=""><small><em>Sleep Clause Mod:</em> Limit one foe put to sleep</small></div><div class=""><small><em>OHKO Clause:</em> OHKO moves are banned</small></div><div class=""><small><em>Evasion Clause:</em> Evasion abilities, items, and moves are banned</small></div><div class=""><small><em>Evasion Abilities Clause:</em> Evasion abilities are banned</small></div><div class=""><small><em>Evasion Items Clause:</em> Evasion items are banned</small></div><div class=""><small><em>Evasion Moves Clause:</em> Evasion moves are banned</small></div><div class=""><small><em>Endless Battle Clause:</em> Forcing endless battles is banned</small></div><div class=""><small><em>HP Percentage Mod:</em> HP is shown in percentages</small></div><div class="chat"><div class="infobox"><details class="readmore" open=""><summary><strong>1 custom rule:</strong></summary> Tera Type Preview</details></div></div><div class="chat">kaui's Tera Types:<br><span class="picon" style="background:transparent url(https://play.pokemonshowdown.com/sprites/pokemonicons-sheet.png?v22) no-repeat scroll -0px -810px"></span><img src="https://play.pokemonshowdown.com/sprites/types/Fire.png" alt="Fire" height="14" width="32" class="pixelated"> / <span class="picon" style="background:transparent url(https://play.pokemonshowdown.com/sprites/pokemonicons-sheet.png?v22) no-repeat scroll -200px -2460px"></span><img src="https://play.pokemonshowdown.com/sprites/types/Ice.png" alt="Ice" height="14" width="32" class="pixelated"> / <span class="picon" style="background:transparent url(https://play.pokemonshowdown.com/sprites/pokemonicons-sheet.png?v22) no-repeat scroll -440px -1380px"></span><img src="https://play.pokemonshowdown.com/sprites/types/Ghost.png" alt="Ghost" height="14" width="32" class="pixelated"> / <span class="picon" style="background:transparent url(https://play.pokemonshowdown.com/sprites/pokemonicons-sheet.png?v22) no-repeat scroll -160px -2460px"></span><img src="https://play.pokemonshowdown.com/sprites/types/Bug.png" alt="Bug" height="14" width="32" class="pixelated"> / <span class="picon" style="background:transparent url(https://play.pokemonshowdown.com/sprites/pokemonicons-sheet.png?v22) no-repeat scroll -80px -1200px"></span><img src="https://play.pokemonshowdown.com/sprites/types/Psychic.png" alt="Psychic" height="14" width="32" class="pixelated"> / <span class="picon" style="background:transparent url(https://play.pokemonshowdown.com/sprites/pokemonicons-sheet.png?v22) no-repeat scroll -160px -1050px"></span><img src="https://play.pokemonshowdown.com/sprites/types/Normal.png" alt="Normal" height="14" width="32" class="pixelated"></div><div class="chat">blader1176's Tera Types:<br><span class="picon" style="background:transparent url(https://play.pokemonshowdown.com/sprites/pokemonicons-sheet.png?v22) no-repeat scroll -240px -1830px"></span><img src="https://play.pokemonshowdown.com/sprites/types/Steel.png" alt="Steel" height="14" width="32" class="pixelated"> / <span class="picon" style="background:transparent url(https://play.pokemonshowdown.com/sprites/pokemonicons-sheet.png?v22) no-repeat scroll -200px -930px"></span><img src="https://play.pokemonshowdown.com/sprites/types/Rock.png" alt="Rock" height="14" width="32" class="pixelated"> / <span class="picon" style="background:transparent url(https://play.pokemonshowdown.com/sprites/pokemonicons-sheet.png?v22) no-repeat scroll -120px -0px"></span><img src="https://play.pokemonshowdown.com/sprites/types/Fire.png" alt="Fire" height="14" width="32" class="pixelated"> / <span class="picon" style="background:transparent url(https://play.pokemonshowdown.com/sprites/pokemonicons-sheet.png?v22) no-repeat scroll -40px -570px"></span><img src="https://play.pokemonshowdown.com/sprites/types/Dark.png" alt="Dark" height="14" width="32" class="pixelated"> / <span class="picon" style="background:transparent url(https://play.pokemonshowdown.com/sprites/pokemonicons-sheet.png?v22) no-repeat scroll -320px -1530px"></span><img src="https://play.pokemonshowdown.com/sprites/types/Fighting.png" alt="Fighting" height="14" width="32" class="pixelated"> / <span class="picon" style="background:transparent url(https://play.pokemonshowdown.com/sprites/pokemonicons-sheet.png?v22) no-repeat scroll -240px -810px"></span><img src="https://play.pokemonshowdown.com/sprites/types/Steel.png" alt="Steel" height="14" width="32" class="pixelated"></div><div class="chat battle-history"><strong>kaui's team:</strong> <em style="color:#445566;display:block;">Torkoal / Sandy Shocks / Cofagrigus / Slither Wing / Azelf / Ambipom</em></div><div class="chat battle-history"><strong>blader1176's team:</strong> <em style="color:#445566;display:block;">Vikavolt / Regirock / Venusaur / Houndoom / Mienshao / Flygon</em></div><div class="chat chatmessage-kaui"><strong style="color:#73950c"><span class="username"><small class="groupsymbol">☆</small>kaui</span>:</strong> <em>fuck not regirock</em></div><div class="chat"><small class="gray"> ChillerFrost joined</small></div><div class="chat chatmessage-chillerfrost"><strong style="color:#2aaa9b"><span class="username"><small class="groupsymbol"> </small>ChillerFrost</span>:</strong> <em>oh shit its regirock!</em></div><div class="chat"><small class="gray"> Bunnnies joined</small></div><div class="chat chatmessage-blader1176"><strong style="color:#797ad1"><span class="username"><small class="groupsymbol">☆</small>blader1176</span>:</strong> <em>ün ün ün ün ün ün</em></div><div class="spacer battle-history"><br></div><div class="battle-history">Battle started between kaui and blader1176!<br></div><div class="spacer battle-history"><br></div><div class="battle-history">Go! <strong>Slither Wing</strong>!<br></div><div class="spacer battle-history"><br></div><div class="battle-history">blader1176 sent out <strong>Vikavolt</strong>!<br></div><div class="spacer battle-history"><br></div><h2 class="battle-history">Turn 1</h2><div class="spacer battle-history"><br></div><div class="battle-history">Slither Wing used <strong>Flare Blitz</strong>!<br></div><div class="battle-history"><small>It's super effective!</small><br></div><div class="battle-history"><small>(The opposing Vikavolt lost 67% of its health!)</small><br></div><div class="battle-history"><small>Slither Wing was damaged by the recoil!</small><br></div><div class="spacer battle-history"><br></div><div class="battle-history">The opposing Vikavolt used <strong>Sticky Web</strong>!<br></div><div class="battle-history"><small>A sticky web has been laid out on the ground around your team!</small><br></div><div class="spacer battle-history"><br></div><h2 class="battle-history">Turn 2</h2><div class="chat"><small class="gray"> Crown Oji joined</small></div><div class="spacer battle-history"><br></div><div class="battle-history">blader1176 withdrew Vikavolt!<br></div><div class="battle-history">blader1176 sent out <strong>Regirock</strong>!<br></div><div class="spacer battle-history"><br></div><div class="battle-history">Slither Wing used <strong>Flare Blitz</strong>!<br></div><div class="battle-history"><small>It's not very effective...</small><br></div><div class="battle-history"><small>A critical hit!</small><br></div><div class="battle-history"><small>(The opposing Regirock lost 17% of its health!)</small><br></div><div class="battle-history"><small>Slither Wing was damaged by the recoil!</small><br></div><div class="spacer battle-history"><br></div><h2 class="battle-history">Turn 3</h2><div class="spacer battle-history"><br></div><div class="battle-history">Slither Wing used <strong>U-turn</strong>!<br></div><div class="battle-history"><small>(The opposing Regirock lost 20% of its health!)</small><br></div><div class="spacer battle-history"><br></div><div class="battle-history">Slither Wing went back to kaui!<br></div><div class="battle-history">Go! <strong>Cofagrigus</strong>!<br></div><div class="battle-history"><small>Cofagrigus was caught in a sticky web!</small><br></div><div class="battle-history"><small>Cofagrigus's Speed fell!</small><br></div><div class="spacer battle-history"><br></div><div class="battle-history">The opposing Regirock used <strong>Sunny Day</strong>!<br></div><div class="battle-history"><small>The sunlight turned harsh!</small><br></div><div class="spacer battle-history"><br></div><div class="battle-history"><small>(The sunlight is strong.)</small><br></div><div class="spacer battle-history"><br></div><h2 class="battle-history">Turn 4</h2><div class="spacer battle-history"><br></div><div class="battle-history">blader1176 withdrew Regirock!<br></div><div class="battle-history">blader1176 sent out <strong>Venusaur</strong>!<br></div><div class="spacer battle-history"><br></div><div class="battle-history">Cofagrigus used <strong>Toxic</strong>!<br></div><div class="battle-history"><small>It doesn't affect the opposing Venusaur...</small><br></div><div class="spacer battle-history"><br></div><div class="battle-history"><small>(The sunlight is strong.)</small><br></div><div class="spacer battle-history"><br></div><h2 class="battle-history">Turn 5</h2><div class="spacer battle-history"><br></div><div class="battle-history">The opposing Venusaur used <strong>Growth</strong>!<br></div><div class="battle-history"><small>The opposing Venusaur's Attack rose sharply!</small><br></div><div class="battle-history"><small>The opposing Venusaur's Sp. Atk rose sharply!</small><br></div><div class="spacer battle-history"><br></div><div class="battle-history">Cofagrigus used <strong>Pain Split</strong>!<br></div><div class="battle-history"><small>The battlers shared their pain!</small><br></div><div class="spacer battle-history"><br></div><div class="battle-history"><small>(The sunlight is strong.)</small><br></div><div class="battle-history"><small>Cofagrigus restored a little HP using its Leftovers!</small><br></div><div class="spacer battle-history"><br></div><h2 class="battle-history">Turn 6</h2><div class="spacer battle-history"><br></div><div class="battle-history">The opposing Venusaur used <strong>Weather Ball</strong>!<br></div><div class="battle-history"><small>(Cofagrigus lost 100% of its health!)</small><br></div><div class="spacer battle-history"><br></div><div class="battle-history">Cofagrigus fainted!<br></div><div class="battle-history"><small>The opposing Venusaur lost some of its HP!</small><br></div><div class="spacer battle-history"><br></div><div class="battle-history"><small>(The sunlight is strong.)</small><br></div><div class="spacer battle-history"><br></div><div class="battle-history">Go! <strong>Slither Wing</strong>!<br></div><div class="battle-history">[Slither Wing's Protosynthesis]<br><small>The harsh sunlight activated Slither Wing's Protosynthesis!</small><br></div><div class="battle-history"><small>Slither Wing's Attack was heightened!</small><br></div><div class="spacer battle-history"><br></div><h2 class="battle-history">Turn 7</h2><div class="spacer battle-history"><br></div><div class="battle-history">Slither Wing used <strong>First Impression</strong>!<br></div><div class="battle-history"><small>(The opposing Venusaur lost 90% of its health!)</small><br></div><div class="spacer battle-history"><br></div><div class="battle-history">The opposing Venusaur used <strong>Weather Ball</strong>!<br></div><div class="battle-history"><small>It's super effective!</small><br></div><div class="battle-history"><small>(Slither Wing lost 68% of its health!)</small><br></div><div class="spacer battle-history"><br></div><div class="battle-history">Slither Wing fainted!<br></div><div class="battle-history"><small>The opposing Venusaur lost some of its HP!</small><br></div><div class="spacer battle-history"><br></div><div class="battle-history">The opposing Venusaur fainted!<br></div><div class="spacer battle-history"><br></div><div class="battle-history"><small>(The sunlight is strong.)</small><br></div><div class="spacer battle-history"><br></div><div class="battle-history">Go! <strong>Ambipom</strong>!<br></div><div class="spacer battle-history"><br></div><div class="battle-history">blader1176 sent out <strong>Houndoom</strong>!<br></div><div class="battle-history"><small>Ambipom was caught in a sticky web!</small><br></div><div class="battle-history"><small>Ambipom's Speed fell!</small><br></div><div class="spacer battle-history"><br></div><h2 class="battle-history">Turn 8</h2><div class="spacer battle-history"><br></div><div class="battle-history"><small>The opposing Houndoom's Houndoominite is reacting to the Key Stone!</small><br>The opposing Houndoom has Mega Evolved into Mega Houndoom!<br></div><div class="spacer battle-history"><br></div><div class="battle-history">The opposing Houndoom used <strong>Dark Pulse</strong>!<br></div><div class="battle-history"><small>(Ambipom lost 95% of its health!)</small><br></div><div class="spacer battle-history"><br></div><div class="battle-history">Ambipom used <strong>Tail Slap</strong>!<br></div><div class="battle-history"><small>The opposing Houndoom avoided the attack!</small><br></div><div class="spacer battle-history"><br></div><div class="battle-history"><small>(The sunlight is strong.)</small><br></div><div class="battle-history">[The opposing Houndoom's Solar Power]<br><small>(The opposing Houndoom was hurt!)</small><br></div><div class="spacer battle-history"><br></div><h2 class="battle-history">Turn 9</h2><div class="spacer battle-history"><br></div><div class="battle-history">The opposing Houndoom used <strong>Dark Pulse</strong>!<br></div><div class="battle-history"><small>(Ambipom lost 5% of its health!)</small><br></div><div class="spacer battle-history"><br></div><div class="battle-history">Ambipom fainted!<br></div><div class="spacer battle-history"><br></div><div class="battle-history"><small>(The sunlight is strong.)</small><br></div><div class="battle-history">[The opposing Houndoom's Solar Power]<br><small>(The opposing Houndoom was hurt!)</small><br></div><div class="spacer battle-history"><br></div><div class="battle-history">Go! <strong>Azelf</strong>!<br></div><div class="spacer battle-history"><br></div><h2 class="battle-history">Turn 10</h2><div class="spacer battle-history"><br></div><div class="battle-history">The opposing Houndoom used <strong>Dark Pulse</strong>!<br></div><div class="battle-history"><small>It's super effective!</small><br></div><div class="battle-history"><small>(Azelf ate its Colbur Berry!)</small><br></div><div class="battle-history"><small>The Colbur Berry weakened the damage to Azelf!</small><br></div><div class="battle-history"><small>(Azelf lost 100% of its health!)</small><br></div><div class="spacer battle-history"><br></div><div class="battle-history">Azelf fainted!<br></div><div class="spacer battle-history"><br></div><div class="battle-history"><small>The harsh sunlight faded.</small><br></div><div class="spacer battle-history"><br></div><div class="battle-history">Go! <strong>Sandy Shocks</strong>!<br></div><div class="spacer battle-history"><br></div><h2 class="battle-history">Turn 11</h2><div class="spacer battle-history"><br></div><div class="battle-history">The opposing Houndoom used <strong>Dark Pulse</strong>!<br></div><div class="battle-history"><small>(Sandy Shocks lost 58% of its health!)</small><br></div><div class="spacer battle-history"><br></div><div class="battle-history">Sandy Shocks flinched and couldn't move!<br></div><div class="spacer battle-history"><br></div><h2 class="battle-history">Turn 12</h2><div class="spacer battle-history"><br></div><div class="battle-history">The opposing Houndoom used <strong>Dark Pulse</strong>!<br></div><div class="battle-history"><small>(Sandy Shocks lost 42% of its health!)</small><br></div><div class="spacer battle-history"><br></div><div class="battle-history">Sandy Shocks fainted!<br></div><div class="spacer battle-history"><br></div><div class="battle-history">Go! <strong>Torkoal</strong>!<br></div><div class="battle-history">[Torkoal's Drought]<br><small>The sunlight turned harsh!</small><br></div><div class="spacer battle-history"><br></div><h2 class="battle-history">Turn 13</h2><div class="spacer battle-history"><br></div><div class="battle-history">The opposing Houndoom used <strong>Dark Pulse</strong>!<br></div><div class="battle-history"><small>(Torkoal lost 62% of its health!)</small><br></div><div class="spacer battle-history"><br></div><div class="battle-history">Torkoal flinched and couldn't move!<br></div><div class="spacer battle-history"><br></div><div class="battle-history"><small>(The sunlight is strong.)</small><br></div><div class="battle-history">[The opposing Houndoom's Solar Power]<br><small>(The opposing Houndoom was hurt!)</small><br></div><div class="spacer battle-history"><br></div><h2 class="battle-history">Turn 14</h2><div class="chat chatmessage-blader1176"><strong style="color:#797ad1"><span class="username"><small class="groupsymbol">☆</small>blader1176</span>:</strong> <em>okay okay</em></div><div class="chat chatmessage-kaui"><strong style="color:#73950c"><span class="username"><small class="groupsymbol">☆</small>kaui</span>:</strong> <em>gg</em></div><div class="spacer battle-history"><br></div><div class="battle-history">The opposing Houndoom used <strong>Dark Pulse</strong>!<br></div><div class="battle-history"><small>(Torkoal lost 38% of its health!)</small><br></div><div class="spacer battle-history"><br></div><div class="battle-history">Torkoal fainted!<br></div><div class="spacer battle-history"><br></div><div class="battle-history"><strong>blader1176</strong> won the battle!<br></div><div class="chat chatmessage-blader1176"><strong style="color:#797ad1"><span class="username"><small class="groupsymbol">☆</small>blader1176</span>:</strong> <em>gg wp</em></div><div class="chat chatmessage-blader1176"><strong style="color:#797ad1"><span class="username"><small class="groupsymbol">☆</small>blader1176</span>:</strong> <em>landing all the flinches I was due this season</em></div><div class="chat"><small class="gray"> Crown Oji left</small></div><div class="chat chatmessage-kaui"><strong style="color:#73950c"><span class="username"><small class="groupsymbol">☆</small>kaui</span>:</strong> <em>yayy thanks for playing late</em></div><div class="chat chatmessage-blader1176"><strong style="color:#797ad1"><span class="username"><small class="groupsymbol">☆</small>blader1176</span>:</strong> <em>ofc!</em></div><div class="chat"><small class="gray">☆kaui left</small></div><div class="chat"><small class="gray">☆blader1176 left</small></div><div class="chat"><small class="gray">☆blader1176 joined</small></div></div><div class="inner-preempt message-log"></div></div></div>
</div>
<script>
let daily = Math.floor(Date.now()/1000/60/60/24);document.write('<script src="https://play.pokemonshowdown.com/js/replay-embed.js?version'+daily+'"></'+'script>');
</script>
